1842 3018
92 145 155 172 text

621 137 757 165 LEONTll
781 136 1009 163 NEAPOLl'l‘ANl
1040 135 1191 163 tzt‘tscot‘t

1654 135 1720 162 tom

104 196 227 223 ιιιῚιιοι-ἰη
241 203 343 229 semper
364 194 494 220 reta'nebtit
509 192 576 226 quod
592 196 682 217 sancto
710 191 821 223 Simoni,
839 190 882 224 qui
898 192 919 219 A
936 189 1035 223 scapio.
1058 189 1145 215 Semel
1161 195 1225 221 ergo
1239 192 1264 215 et
1287 188 1325 215 bis
1347 189 1407 215 lecit
1433 189 1481 215 hoc
1501 190 1585 222 ipsum
1606 189 1712 216 schema

107 244 131 267 in
147 242 275 268 columnis
290 241 361 267 stetit
382 239 451 273 (85).
465 246 510 272 per
527 238 714 264 revelationem
731 237 827 264 sactum
843 242 882 263 est

107 291 196 312 notum
215 294 220 311 :
237 285 300 317 Quia
318 284 355 319 (ut
370 284 415 318 ait)
442 288 553 310 exeunte
568 283 654 309 anima
670 289 684 308 e
700 289 821 315 corpore,
834 282 882 306 ob-

106 332 176 357 viant
191 330 212 356 ei
228 337 286 356 eum
301 329 449 355 ascenderit
463 336 476 354 a
493 333 561 354 terra
577 328 601 353 in
617 328 723 359 coelum,
738 327 811 354 chori
828 327 843 352 d
855 336 882 352 ι·-

105 383 222 407 tnonunt,
231 375 356 408 singuliin
368 374 472 408 proprio
481 374 582 400 ordine.
592 374 686 400 Obviat
698 373 822 400 eicltorus
831 373 886 399 da:-

108 422 254 446 tuoniorum
269 419 410 453 superbiae,
428 419 566 452 investigat
581 427 651 451 eam,
662 419 683 444 si
700 419 883 452 habeatopera

106 465 743 498 eorum.Obviatchorusspirituumdetractionis:
755 464 885 498 aspiciunt

106 512 127 538 si
144 512 246 546 quando
270 512 389 538 oblocuta
406 512 448 541 sit,
465 516 490 537 et
514 511 697 545 poenitentiam
723 519 773 536 non
791 510 882 543 egerit.

108 558 220 584 obviant
252 557 345 583 iterum
371 557 492 590 superius
520 558 653 583 daimon-es
677 555 856 582 fornicationis
875 564 880 580 z

108 607 256 628 scrutantur
269 603 289 628 si
301 605 488 636 recognoscant
518 602 542 627 in
555 610 583 627 ea
601 602 749 634 voluptates
764 607 834 626 suas,
853 600 884 626 Et

106 647 234 681 qnandoa
250 651 316 673 terra
331 655 413 680 nsque
434 647 465 672 ad
480 647 574 673 coelum
591 646 686 672 misera
712 646 797 671 anima
813 645 884 678 posi-

107 698 162 718 tura
179 692 304 718 rationem
323 691 481 723 pervenerit,
504 698 622 716 seorsum
638 691 669 715 ab
684 697 713 716 ea
738 690 822 716 sancti
838 697 885 715 an-

105 737 154 768 geli
168 736 283 769 stabunt,
300 741 327 762 et
351 744 400 763 non
427 735 588 770 adjuvabunt
612 743 669 761 eam
685 735 734 761 nisi
756 735 886 761 bonitates

106 789 168 807 sure.
187 781 247 807 [laic
272 781 440 808 considerans
467 781 507 807 hic
533 781 635 813 nobilis,
666 782 819 814 perterritus
839 788 886 814 pro

107 826 151 851 tili
169 826 230 851 hora
247 830 273 851 et
288 826 414 851 sollicitus
427 825 507 851 factus
523 830 572 857 est.
589 825 676 852 ferens
691 825 716 852 in
730 826 885 852 memoriam

105 875 129 896 rt
141 871 224 897 sancti
239 871 377 897 Hilarionis
388 871 519 905 eloquium
535 870 607 904 (Vita
623 871 775 903 Hilarionis,
785 870 865 905 c.38)
879 880 886 903 3

107 915 168 950 quia
182 923 240 941 cum
255 923 269 942 e
282 916 334 941 vita
349 923 502 949 egressurus
514 920 594 947 esset,
607 915 756 942 formidavit
781 920 807 943 et
820 916 886 942 dixit.

109 959 202 986 animae
213 967 266 986 snae
282 968 288 986 :
306 961 442 994 Octoginta
459 969 552 993 annos,
566 969 580 986 o
593 961 702 987 humilis
727 962 825 994 anima,
842 962 887 987 ha-

108 1005 154 1031 bes
170 1005 289 1031 serviens
306 1005 421 1038 Christo,
438 1010 464 1032 et
480 1005 554 1032 times
564 1006 652 1032 exire?
666 1006 724 1035 Exi,
737 1005 795 1040 quia
807 1006 887 1032 mise-

108 1049 191 1075 iicors
208 1054 256 1076 est.
270 1050 301 1076 Et
313 1050 416 1076 dicebat
439 1051 487 1076 sibi
505 1051 650 1084 patriarcha
664 1060 670 1077 t
685 1051 710 1078 Si
725 1052 747 1077 is
761 1052 802 1084 qui
815 1056 882 1078 octo·

107 1095 176 1125 rina
193 1103 275 1122 annos
291 1096 399 1122 servivit
424 1097 539 1129 Christo,
553 1102 578 1123 et
603 1103 720 1124 mortuos
739 1097 887 1129 sns‹·itavtt,

108 1145 132 1165 rt
144 1141 218 1174 signa
235 1141 302 1170 fecit=
319 1141 405 1167 timuit
418 1142 614 1168 amaramillam
630 1142 731 1174 horam,
749 1142 810 1176 qnid
840 1141 887 1167 ha-

109 1186 154 1211 hes
168 1191 204 1217 tu,
218 1186 322 1212 humilis
338 1186 464 1218 loannes,
481 1187 570 1214 (littere
595 1193 641 1214 aut
663 1187 749 1214 lacero
760 1210 767 1221 ‚
783 1188 889 1222 quando

109 1230 273 1256 obviaverint
288 1231 313 1257 in
330 1231 422 1257 taciem
435 1236 504 1258 tuam
525 1232 648 1258 crudeles
664 1232 701 1258 illi
717 1237 742 1258 et
771 1233 888 1259 immise-

112 1278 227 1304 ricordes
237 1282 373 1304 exactores
386 1283 411 1305 et
424 1279 608 1312 inquisitores?
620 1279 659 1306 Ad
671 1283 782 1313 quantos
792 1280 890 1312 poteris

111 1323 240 1349 rationem
256 1323 376 1357 reddere,
387 1324 418 1350 ad
430 1332 474 1351 eos
486 1325 528 1358 qui
544 1324 686 1358 exquirunt
698 1326 729 1350 de
741 1325 842 1350 menda·
854 1325 889 1355 io,

111 1369 142 1395 ad
156 1376 201 1395 eos
211 1369 295 1402 quide
308 1369 480 1401 detractiones
491 1370 521 1396 ad
533 1370 628 1403 eosqui
641 1370 673 1396 de
684 1370 847 1401 crudelitate,
858 1370 889 1396 ad

111 1420 156 1439 eos
171 1414 214 1447 qni
230 1413 261 1440 de
276 1414 396 1446 avaritia,
413 1415 444 1440 ad
463 1422 509 1441 eos
521 1416 563 1448 qui
579 1415 610 1441 de
625 1416 749 1442 memoria
771 1415 842 1448 mali,
856 1415 888 1440 ad

110 1466 156 1485 eos
173 1459 215 1493 qui
243 1459 276 1486 de
291 1460 361 1492 odio,
378 1460 410 1487 ad
426 1468 472 1486 eos
490 1461 532 1494 qni
549 1461 688 1493 exquirunt
705 1461 736 1488 de
759 1461 890 1495 peijurio?

111 1504 143 1531 Et
173 1505 339 1531 dementatus
360 1506 462 1532 dicebat
488 1515 493 1530 z
517 1506 585 1532 Deus
602 1526 609 1538 ,
635 1510 661 1532 tu
693 1514 737 1533 eos
771 1507 851 1539 incre2
862 1514 887 1538 a,

935 235 977 261 ille
993 235 1095 260 beatus.
1113 233 1231 260 Erudivit
1246 238 1272 259 et.
1292 234 1317 260 in
1338 234 1386 260 hoc
1405 235 1505 268 piebem
1519 235 1672 268 magnilice,
1687 239 1713 260 et

934 281 1083 307 emendavit
1096 289 1102 312 ;
1118 281 1243 306 timebant
1256 281 1342 313 enim,
1357 289 1389 307 ne
1403 282 1498 308 iterum
1511 282 1622 315 idipsum
1636 281 1713 308 sebe·

937 335 977 353 ma
993 327 1090 353 faceret
1106 327 1144 353 eis
1160 327 1204 353 ille
1219 334 1324 360 semper
1338 328 1533 354 memorandus.

969 372 1033 398 Car.
1056 371 1132 398 tht.
1149 372 1281 406 -Loqui
1303 378 1389 399 autem
1413 372 1439 399 in
1464 380 1580 400 sacrario
1606 374 1713 400 omnino

936 424 988 443 non
1016 417 1202 450 permittebat,
1225 417 1269 443 sed
1297 418 1322 443 in
1344 423 1486 451 conspectu
1506 419 1623 445 omnium
1645 418 1715 445 toras

935 462 1055 489 mittebat
1069 470 1127 489 eum
1141 482 1147 494 ,
1163 463 1273 489 dicens:
1292 463 1321 490 Si
1338 463 1442 497 quidem
1463 469 1490 490 ut
1510 472 1600 491 orares
1620 464 1713 491 venisti

936 508 1002 539 huc,
1016 508 1040 534 in
1057 508 1105 534 hoc
1119 514 1233 534 mentem
1247 513 1316 534 tuam
1330 513 1356 534 et
1368 515 1397 534 os
1412 513 1483 535 tuum
1496 517 1590 537 vacare
1602 515 1713 542 exopta;

937 553 958 579 si
980 560 1044 579 vero
1064 558 1171 586 propter
1193 553 1350 579 locutionem
1363 573 1371 585 ,
1392 554 1516 587 scriptum
1537 559 1596 580 est:
1619 555 1716 580 Domus

937 598 981 624 Dei
1005 598 1100 624 domus
1120 598 1248 624 orationis
1270 598 1406 625 vocabitur
1429 598 1544 633 (ΜαιιΙι.
1560 607 1602 625 xxi
1616 602 1624 633 )
1639 608 1646 632 ;
1664 600 1716 626 noli

936 652 1000 678 ergo
1017 643 1104 670 facere
1119 651 1177 670 eam
1193 644 1344 676 speluncam
1362 644 1502 670 latronum.

971 691 1034 714 ιὶΛι).
1053 688 1141 715 XLttt.
1158 703 1190 707 —
1206 688 1261 715 lloc
1281 693 1367 714 autem
1389 693 1443 715 erat
1465 689 1644 716 admirabilius
1658 697 1718 715 san-

936 733 1046 759 ctissimi
1064 734 1140 767 hujus
1154 734 1311 768 patriarchae
1321 755 1327 766 ,
1342 735 1465 768 quoniam
1480 742 1527 761 nec
1539 735 1718 762 monachicam

937 780 1016 806 vitam
1038 779 1155 811 ducens,
1172 787 1258 812 neque
1275 781 1299 806 in
1313 781 1384 806 clero
1404 784 1520 806 moratus
1541 781 1565 806 in
1584 781 1693 807 ecclesia
1708 800 1715 812 ‚

937 825 983 852 sed
999 830 1025 852 et
1041 824 1146 852 seminae
1167 825 1283 859 legitime
1305 826 1402 852 dndnm
1426 827 1580 860 conjunctus
1597 827 1668 861 (86),
1685 828 1719 853 ita

903 867 924 896 B
940 871 1023 897 tenuit
1037 871 1152 904 vigorem
1167 871 1286 898 ecclesian
1300 872 1332 897 ab
1345 872 1401 905 ipso
1416 872 1491 898 initio
1505 880 1555 905 quo
1572 872 1718 906 patriarcha

941 920 1114 942 consecratus
1131 921 1189 948 est,
1205 921 1231 943 et
1244 916 1269 943 in
1285 917 1364 943 talem
1386 917 1571 944 sublimitatem
1592 918 1720 944 exaltatus

939 966 995 992 est,
1012 965 1040 987 ιιι
1054 961 1150 988 multos
1165 962 1332 988 eremitarum
1347 967 1373 989 et
1387 962 1412 988 in
1424 967 1494 989 arcta
1508 964 1557 989 vita
1571 963 1720 997 degentium

939 1012 1087 1040 superaret.

975 1052 1039 1078 cip.
1057 1051 1146 1078 xmv.
1163 1066 1197 1072 -—
1214 1052 1309 1079 Volens
1324 1057 1410 1079 autem
1427 1060 1475 1080 nec
1490 1053 1566 1087 hujus
1581 1053 1641 1080 boni
1661 1060 1721 1080 esse

941 1097 1066 1130 inexpers
1077 1117 1083 1127 .
1111 1097 1237 1123 videlicet
1259 1097 1419 1124 monachicae
1434 1098 1493 1124 vitae
1509 1099 1720 1125 connumeratio-

941 1143 998 1175 nis,
1023 1143 1112 1169 studet
1134 1150 1189 1169 rem
1215 1143 1315 1169 tatem:
1343 1150 1504 1177 congregans
1529 1143 1596 1170 duos
1616 1144 1720 1170 ordines

941 1193 1091 1214 sanctorum
1106 1188 1312 1220 monachorum,
1327 1188 1417 1215 statuit
1434 1189 1458 1215 in
1471 1189 1509 1215 eis
1529 1196 1633 1215 omnem
1653 1189 1721 1215 utili-

941 1239 1020 1261 tatem
1036 1234 1112 1260 tribui
1127 1233 1160 1260 de
1176 1234 1245 1260 villis
1259 1234 1313 1260 suis
1329 1233 1355 1260 in
1378 1233 1483 1261 civitate
1496 1241 1542 1260 sna
1557 1242 1562 1259 :
1578 1239 1604 1261 et
1625 1234 1721 1260 iaciens

941 1280 980 1306 eis
995 1280 1104 1306 cellulas
1126 1280 1150 1306 in
1168 1279 1269 1305 duobus
1284 1279 1406 1306 oratoriis
1422 1279 1539 1306 Dontinae
1554 1284 1648 1306 nostrae
1662 1286 1720 1304 san-

941 1331 990 1351 ctae
1018 1325 1063 1351 Dei
1087 1324 1238 1359 genitricis,
1261 1328 1287 1350 et
1306 1324 1389 1351 sancti
1410 1324 1533 1356 Joannis,
1554 1332 1611 1358 qnae
1632 1324 1687 1358 ipse
1708 1331 1720 1350 a

941 1371 1117 1398 fundamentis
1141 1371 1333 1401 mitificat'erat,
1349 1370 1439 1396 dicon<
1461 1369 1647 1395 amantissimis
1669 1369 1721 1395 Deo

941 1417 1079 1442 monachis
1095 1417 1129 1441 ita
1144 1424 1149 1441 z
1165 1415 1219 1449 Ego
1234 1419 1293 1449 post
1309 1414 1390 1441 Deum
1407 1414 1544 1441 utilitatem
1559 1414 1721 1447 corporalem

940 1465 1056 1487 vestram
1077 1460 1241 1495 procurabo,
1264 1467 1310 1486 vos
1330 1464 1416 1485 autem
1438 1459 1580 1493 spiritualis
1603 1459 1722 1486 habetote

943 1513 1008 1531 mete
1029 1513 1119 1532 curam
1139 1504 1244 1531 salutis.
1267 1504 1423 1537 Vespertina
1444 1508 1471 1530 et
1492 1509 1616 1530 nocturna
1637 1504 1723 1538 vigilia

112 1556 170 1575 nam
202 1550 286 1576 omnis
307 1549 432 1577 fortitudo
462 1551 597 1577 hominum
627 1551 665 1577 eis
686 1552 810 1578 resistere
840 1559 889 1578 non
904 1544 925 1573 C
944 1549 1083 1583 miltiapud
1094 1549 1175 1575 Deum
1187 1550 1345 1582 imputetur:
1362 1548 1487 1582 quidquid
1503 1556 1564 1574 vero
1581 1547 1607 1574 in
1622 1548 1723 1575 cellulis

111 1595 187 1620 valet.
217 1595 255 1621 Tn
266 1617 272 1627 ,
305 1596 413 1622 Domine
427 1617 434 1629 ,
458 1597 489 1623 da
522 1597 597 1623 nobis
628 1597 751 1624 ductores
787 1603 892 1624 sanctos

110 1640 227 1673 angelos,
250 1641 292 1674 qui
320 1642 468 1668 custodiant
500 1648 525 1669 et
537 1643 684 1676 gubernent
713 1651 778 1675 nos;
810 1644 890 1670 multa

112 1686 179 1712 enim
213 1691 253 1712 cst.
281 1692 370 1713 contra
404 1696 451 1715 nos
476 1697 567 1715 eornm
589 1690 700 1721 insania,
722 1690 818 1716 multus
838 1694 891 1716 tre-

113 1739 180 1763 mor,
196 1732 293 1758 multus
319 1733 405 1764 timor,
424 1733 532 1760 multum
551 1734 693 1767 periculum
721 1734 804 1768 pelagi
822 1735 892 1760 aeris

115 1776 203 1811 hujus.
219 1777 244 1803 Si
257 1778 326 1804 enim
339 1778 371 1804 de
383 1779 526 1805 civitatem
544 1780 677 1806 civitatem
698 1788 778 1814 super
794 1785 890 1807 terram

113 1822 287 1854 :nnbutanies,
298 1824 523 1855 deprecamur-eos
535 1824 578 1858 qui
592 1825 666 1851 nobis
679 1825 803 1852 ductores
818 1831 891 1859 sunt,

113 1875 145 1894 ue
160 1868 186 1894 in
199 1868 342 1900 praecipitia
355 1868 481 1894 cadamus
496 1889 502 1900 ‚
519 1873 563 1895 aut
578 1870 601 1895 in
626 1871 768 1904 agrestium
795 1871 892 1897 bestia-

113 1921 169 1940 rum
183 1914 251 1945 loca,
266 1919 311 1939 aut
329 1915 352 1940 in
371 1914 476 1940 [lumina
493 1915 604 1946 infinita,
621 1921 666 1942 ant
682 1916 706 1942 in
721 1916 893 1943 inaccessibi-

104 1959 144 1986 les
171 1964 198 1985 ct
224 1959 312 1985 invios
330 1964 448 1991 montes,
472 1964 519 1985 aut
533 1967 561 1985 tn
581 1963 719 1985 latronum
735 1966 833 1985 manus
848 1963 896 1985 aut

106 2006 131 2032 in
159 2013 282 2031 ercntmn
312 2005 620 2039 incomprehensibilem
653 2008 700 2031 aut
725 2004 896 2038 inaquosam,

112 2052 140 2072 et
154 2055 299 2079 pereamus.
313 2049 379 2079 Quot
393 2049 548 2074 ductoribus
563 2049 674 2076 sortibus
689 2054 715 2076 et
729 2050 826 2076 divinis
846 2057 891 2076 cu-

112 2093 228 2118 stodibus
256 2101 320 2125 opus·
335 2095 470 2125 habemns,
488 2100 625 2129 pergentes
655 2096 730 2129 longa
747 2096 786 2122 via
803 2096 851 2123 hac
866 2102 892 2124 et

112 2142 221 2169 iuterna,
237 2139 370 2169 videlicet,
386 2148 442 2173 qua}
456 2147 487 2166 ex
503 2148 614 2173 corpore
628 2142 805 2175 estegressio,
819 2146 845 2168 et
859 2142 890 2167 ad

112 2182 208 2208 coelunt
237 2184 375 2210 ascensio?
392 2186 435 2210 ttae
449 2190 510 2211 sunt
530 2186 657 2219 sapientia
676 2187 758 2219 plenae
775 2187 843 2213 beati
858 2187 888 2213 ad

112 2235 140 2253 se
153 2228 223 2254 etad
243 2236 335 2254 omncs
360 2229 502 2261 doctrinm3
526 2231 565 2256 ltoe
581 2235 641 2257 sunt
655 2232 710 2264 ejus
733 2232 890 2265 qnotidianae

113 2283 118 2297 ‹
130 2281 182 2299 urae
195 2278 272 2304 atque
290 2275 482 2303 meditationes.

146 2319 208 2344 Car.
232 2319 294 2345 XLI,
313 2334 347 2339 --
361 2320 466 2346 Multam
482 2325 567 2346 autem
583 2322 654 2348 etde
670 2327 759 2348 sancta
781 2323 893 2348 statione

113 2371 202 2390 curam
218 2364 329 2391 habehat
339 2387 345 2397 ,
359 2370 384 2392 et
398 2366 600 2393 sollicitudinem
616 2368 822 2394 demonstrabat.
837 2368 893 2394 Una

115 2409 184 2435 enim
201 2409 303 2435 dietum
320 2412 410 2437 volens
426 2412 522 2437 multos
534 2419 655 2438 resecare
666 2432 672 2444 ,
686 2417 712 2438 ut
725 2421 775 2438 non
787 2413 893 2445 egrede-

114 2458 205 2480 rentur
221 2460 279 2487 post
293 2455 448 2484 solutionem
470 2457 553 2483 saneti
575 2457 706 2490 Evangelii
722 2458 754 2483 de
768 2457 891 2487 ccclesia,

113 2503 140 2525 et
159 2499 252 2526 Otiosis
273 2500 439 2526 sermonibus
461 2509 508 2534 pro
530 2503 649 2528 oianone
669 2506 807 2532 vacarent,
830 2502 891 2535 quid

112 2544 191 2571 tecit?
206 2543 320 2577 Reliquit
335 2552 393 2570 mox
405 2566 411 2575 ‚
437 2551 573 2578 postquam
591 2547 684 2572 lectum
711 2551 750 2572 est
774 2551 892 2572 sanctum

114 2591 300 2623 tivangetinm,
317 2590 476 2622 ecolesinam
493 2596 519 2617 et
534 2592 588 2624 ipse
604 2593 683 2622 exiit,
701 2597 727 2617 et
746 2592 814 2617 sedit
834 2599 892 2617 cum

114 2635 199 2662 turba.
214 2636 339 2662 Omnibus
357 2643 418 2662 vero
431 2636 645 2668 obstupentibus,
659 2636 723 2662 dixit
735 2636 766 2661 ad
781 2643 826 2662 eos
837 2637 891 2669 jus-

115 2685 175 2705 tus:
197 2680 299 2712 r'ittnti,
316 2680 358 2706 ubi
374 2688 453 2712 oves,
478 2680 530 2706 ittin
552 2684 578 2706 ct
600 2686 696 2712 pastor.
721 2682 773 2706 Αιιι
797 2681 892 2707 intrate

117 2725 202 2757 intro,
219 2730 245 2751 et
262 2726 438 2759 ingrediemur
452 2733 458 2756 ;
474 2731 518 2751 aut
532 2730 635 2751 maneto
651 2725 707 2755 hic,
725 2730 750 2751 et
772 2726 813 2751 hic
835 2733 891 2751 ma-

116 2771 194 2797 nebo.
213 2771 266 2805 Ego
282 2776 387 2804 propter
406 2778 452 2797 vos
472 2770 605 2797 descendo
625 2771 649 2796 in
669 2774 785 2795 sanctam
808 2770 890 2795 eecle-

116 2816 197 2847 siam,
216 2824 275 2841 nam
297 2821 414 2849 poteram
434 2817 518 2843 tacere
537 2815 656 2841 mihimet
677 2814 770 2841 missas
792 2815 816 2840 in
837 2815 891 2847 rpi-

945 1597 1040 1623 vestris
1054 1595 1132 1622 oflicii
1148 1595 1273 1627 feeeritiS,
1290 1602 1337 1629 pro
1353 1594 1446 1621 vestris
1460 1594 1493 1621 sit
1507 1594 1653 1621 animabus.
1669 1595 1723 1622 lloo

945 1647 1033 1668 autem
1049 1641 1126 1673 fecit,
1143 1642 1234 1668 volens
1249 1641 1415 1667 sollicitiores
1436 1640 1542 1667 et'ticere
1563 1640 1609 1667 Dei
1627 1641 1723 1667 amicos

945 1688 1101 1714 monachos.
1116 1687 1190 1715 Unde
1203 1693 1227 1713 et
1243 1687 1387 1720 permansit
1402 1686 1456 1713 Deo
1474 1686 1532 1712 talis
1545 1690 1615 1720 grata
1630 1687 1723 1713 consti-

945 1734 1008 1760 tutio
1023 1733 1143 1760 ordinum
1158 1741 1164 1765 ;
1179 1737 1203 1759 et
1217 1732 1247 1759 ad
1263 1732 1458 1759 similitudinem
1473 1732 1623 1758 monasterii
1637 1740 1667 1758 ex
1683 1732 1722 1758 his

944 1780 1039 1805 civitas
1060 1786 1126 1812 pene
1141 1779 1221 1810 vivit,
1248 1779 1273 1804 in
1287 1778 1399 1805 diversis
1416 1778 1479 1805 locis
1493 1777 1631 1812 pervigiles
1646 1778 1722 1813 hym-

944 1825 1035 1851 nodias
1051 1824 1105 1851 Deo
1120 1824 1247 1850 reserens.

979 1869 1043 1896 Cn».
1064 1869 1143 1896 XLV.
1160 1884 1193 1888 -
1209 1868 1240 1894 Et
1256 1869 1305 1895 hoe
1319 1868 1411 1895 beatus
1426 1868 1475 1895 iste
1489 1868 1524 1894 ita
1539 1875 1630 1894 omnes
1645 1867 1722 1894 doce-

944 1915 1004 1947 bat,
1019 1919 1045 1940 ct
1060 1914 1258 1942 contestabatur
1280 1913 1369 1940 dicens
1386 1922 1392 1940 :
1407 1912 1561 1939 Nullatenns
1581 1913 1720 1946 aliquando

945 1962 1129 1988 haereticorum
1142 1960 1333 1986 communionis
1344 1980 1350 1989 ,
1367 1960 1418 1985 imo
1432 1958 1650 1993 coinquinationis
1663 1965 1721 1991 par-

943 2006 1103 2040 ticipemini,
1118 2006 1196 2032 etiam
1213 2006 1234 2031 si
1262 2004 1332 2031 omni
1347 2005 1398 2030 vita
1414 2010 1499 2030 vestra
1515 2010 1547 2030 ex
1567 2003 1651 2037 aliqua
1671 2003 1719 2030 im-

943 2052 1064 2086 pulsione
1089 2051 1131 2078 vel
1161 2051 1320 2077 necessitate
1346 2049 1557 2076 communionem
1584 2048 1719 2075 catholicae

946 2097 1074 2124 Ecclesia:
1097 2104 1148 2123 non
1171 2097 1351 2127 invenienteS,
1376 2096 1433 2122 sine
1454 2095 1637 2122 communione
1661 2102 1720 2128 per-

944 2144 1105 2171 manseritis.
1124 2142 1151 2169 Si
1168 2142 1237 2169 enim
1249 2163 1255 2175 ,
1272 2142 1307 2167 ait
1321 2162 1327 2173 ,
1347 2149 1454 2167 uxorem
1477 2141 1638 2173 corporalem
1659 2140 1722 2174 legi-

946 2190 1007 2215 time
1020 2189 1196 2222 possidentes‚
1211 2187 1236 2213 in
1252 2187 1357 2220 regione
1370 2186 1455 2219 aliqua
1470 2185 1607 2219 longinqua
1623 2184 1721 2217 absque

943 2234 991 2260 ista
1007 2238 1124 2266 tempore
1139 2232 1221 2258 multo
1234 2235 1383 2261 morantes,
1398 2230 1545 2263 relinquere
1559 2229 1624 2255 hanc
1639 2232 1662 2254 et
1678 2227 1719 2254 alii

942 2279 1076 2313 copulari,
1097 2285 1111 2304 a
1131 2277 1184 2304 Deo
1201 2281 1227 2303 et
1242 2277 1343 2310 legibus
1359 2275 1537 2310 prohibemur,
1553 2274 1574 2301 si
1591 2281 1652 2300 vero
1673 2273 1720 2298 hoe

942 2324 1074 2358 egerimus
1086 2343 1093 2354 ‚
1119 2322 1242 2356 punimur
1258 2330 1264 2353 ;
1285 2320 1416 2354 quomodo
1437 2324 1528 2352 putas,
1550 2318 1603 2344 Deo
1620 2325 1666 2351 per
1681 2324 1721 2343 re-

944 2374 1011 2396 ctam
1034 2368 1111 2394 tidem
1132 2372 1158 2394 et
1176 2367 1330 2393 catholicam
1355 2365 1497 2392 Ecclesiam
1523 2363 1676 2398 conjuncti,
1693 2368 1721 2389 ut

945 2415 980 2440 ait
996 2413 1155 2447 Apostolus:
1173 2412 1266 2445 Aptavi
1281 2418 1327 2437 vos
1341 2411 1385 2437 uni
1399 2411 1455 2436 viro
1477 2409 1604 2444 virginem
1623 2413 1721 2434 castam

945 2457 1070 2485 exhibere
1085 2456 1190 2483 Christo
1207 2457 1238 2490 (tt
1251 2456 1308 2482 Cur.
1322 2455 1361 2490 ιιι)
1373 2477 1380 2488 ,
1397 2455 1417 2480 si
1433 2454 1606 2480 orthodoxam
1619 2459 1645 2479 et
1662 2459 1721 2479 san-

946 2509 997 2529 tam
1014 2503 1089 2528 tidem
1110 2501 1321 2527 adulteraveritis
1343 2507 1389 2533 pcr
1411 2499 1621 2525 connnunionem
1639 2498 1723 2524 haere·

946 2549 1067 2580 tinorum,
1082 2555 1133 2572 non
1149 2546 1174 2571 in
1191 2547 1275 2571 tuturo
1291 2544 1388 2570 swcuto
1404 2544 1537 2575 tormenti,
1551 2543 1618 2576 quod
1629 2549 1721 2575 exspo-

945 2596 999 2618 ctat
1023 2591 1177 2622 hatretieos,
1197 2591 1296 2616 erimus
1317 2589 1375 2615 facti
1391 2589 1549 2622 participes?
1564 2588 1721 2614 Communio

947 2638 1016 2664 enim
1028 2659 1034 2670 ,
1050 2637 1100 2667 ait,
1117 2636 1175 2662 ideo
1191 2636 1298 2667 dicitnr,
1316 2642 1346 2661 eo
1363 2634 1430 2667 quod
1444 2641 1609 2660 communem
1626 2632 1719 2664 saciat,

945 2688 970 2709 et
994 2683 1080 2708 iirmet
1102 2680 1340 2707 communicantem
1366 2678 1458 2712 quihus
1479 2678 1662 2704 communicat.
1685 2677 1722 2704 Ne

946 2728 1033 2760 igitur,
1050 2734 1154 2760 (μη-ευ,
1177 2726 1227 2756 ait,
1247 2733 1262 2751 0
1283 2724 1346 2756 tilii,
1367 2724 1516 2757 hujusmodi
1536 2724 1658 2750 oratoriis
1678 2732 1722 2757 ap-

946 2772 1056 2804 plicetis.

982 2816 1044 2841 Car.
1068 2814 1155 2840 Xtit't.
1179 2828 1211 2833 —-
1231 2812 1296 2840 Cum
1317 2814 1437 2840 omnibus
1458 2813 1532 2840 bonis
1552 2813 1604 2840 suis
1624 2818 1649 2840 ct
1673 2812 1722 2840 hoe

907 2220 930 2250 D
