1842 3018
78 121 124 153 Sil
648 118 687 149 IN
710 118 924 149 LEI‘ITICUM.
947 129 975 132 ἡ
998 117 1068 146 LIB.
1092 115 1114 145 I.

1638 114 1688 145 ⁸42

76 176 143 203 citer
161 175 261 202 dictum
281 177 332 206 cst,
350 174 544 209 quinquaginta
566 175 704 201 siri-orum.
727 174 854 201 Ostendit
870 178 889 204 Α
907 172 982 205 Quod
993 173 1013 199 si
1027 171 1177 207 peccaverit
1189 170 1220 197 de
1235 171 1334 204 populo
1345 176 1422 197 terrm
1439 179 1485 204 per
1497 170 1686 205 ignorantiam.

76 221 175 255 quippe
200 221 243 247 hic
268 228 395 246 numerus
413 220 498 246 saneti
517 220 632 254 Spiritus
649 221 807 251 adtentum,
825 227 856 245 ex

76 274 108 293 co
127 267 198 300 qnod
216 267 258 293 die
276 266 444 297 Pentecoste,
462 266 486 292 id
506 271 546 291 est
571 266 802 300 quinquagesima,
824 264 856 290 :ul

76 312 211 345 apostolos
237 312 320 338 venit.
342 312 394 337 Sed
420 316 447 338 et
475 313 592 345 pondere
617 312 774 341 sanctuarii.
801 311 856 337 sire

77 357 225 383 secundum
242 356 309 382 Lxx
329 357 394 382 sielo
409 362 513 388 saneto,
531 362 558 382 ut
576 365 622 390 per
637 357 686 383 hoe
701 356 772 390 quod
789 356 857 381 dixit

78 407 181 432 sum-to,
210 402 366 427 ostenderet
400 402 485 427 sancti
522 402 638 436 Spiritus
673 402 798 427 xii-tutem
832 405 858 426 et

77 447 273 481 ‹›per.‘=tioneni.
294 446 365 473 Sielo
389 451 478 472 autem
500 447 599 481 quare?
634 447 687 472 luia
712 447 793 472 siclus
817 447 857 472 vi-

78 494 144 527 ginti
160 493 301 519 obolorum
319 497 370 523 est,
390 492 433 518 hic
455 498 543 518 autem
563 492 713 518 liet-narius
731 499 857 517 immerus

77 546 130 565 non
146 543 186 564 est
206 538 322 571 peccatis
336 538 480 563 obnoxius.
504 538 579 563 l'nde
594 538 618 563 hi
632 538 675 571 qni
693 537 725 563 ile
744 537 857 571 ,stigypio

77 584 209 614 exierunt,
232 591 291 609 enm
311 583 403 617 tiginti
420 591 551 609 annorum
569 587 670 612 essent.
687 583 790 616 peceati
809 590 857 616 po-

77 630 131 663 puli
150 637 257 663 ptrnam
281 637 333 654 non
356 634 533 663 susceperuut
550 637 556 654 z
574 629 689 654 innndns
708 629 806 662 quippe
823 629 856 653 ab

48 700 49 703 ,
76 675 149 701 omni
164 680 273 709 peccato
288 679 329 700 ost
342 675 470 708 spiritalis
486 675 576 700 homo.
593 674 649 699 Non
666 674 752 700 solnm
767 679 855 700 autem

76 721 190 747 arietem
206 720 309 751 osserri,
328 721 373 746 sed
388 725 413 746 ct
429 721 547 754 quintam
563 720 661 746 addere
675 720 810 754 praecepit.
829 719 855 745 Si

76 767 136 800 quis
160 766 228 792 sorte
249 771 342 792 sancto
357 773 430 796 vase,
448 766 489 791 rel
505 766 574 795 cilio,
590 770 636 791 aut
655 770 790 799 unguento
812 765 855 791 tuli

77 811 169 836 illicite
186 811 286 836 abusus
301 816 351 842 est,
365 810 415 836 hoc
430 810 575 844 appellarit
596 811 768 836 commissum
792 818 855 844 pcc-

912 224 937 244 nt
948 218 1027 244 saciat
1037 217 1181 251 quidquam
1193 224 1223 241 ex
1236 216 1276 242 his
1288 225 1346 250 quae
1356 216 1460 242 Domini
1477 216 1532 250 lege
1545 217 1687 250 prohiben-

909 268 951 289 tur
965 268 1044 297 atquc
1062 262 1211 296 delinquat,
1230 267 1255 288 et
1272 263 1427 296 cognoverit
1442 268 1582 296 peccatum
1599 270 1686 292 sinnn.

908 308 1003 334 oss'cret
1024 316 1130 342 capram
1153 308 1361 334 immaculatam.
1383 309 1457 335 Nunc
1475 313 1600 342 tanquam
1619 310 1688 335 ohli-

909 359 950 380 tus
968 362 998 380 ea
1019 362 1078 388 quae
1101 359 1262 388 prreccperat
1282 362 1287 379 2
1307 354 1334 380 Si
1355 354 1454 385 anima,
1473 355 1519 384 ait,
1538 355 1689 388 peccarem

909 408 956 433 per
979 400 1168 434 ignorantiam,
1185 399 1330 433 scrcritqnc
1352 408 1434 425 unuin
1452 409 1483 426 ex
1501 400 1541 426 liis
1560 409 1619 434 qna:
1638 401 1689 426 Do-

909 446 971 471 mini
991 446 1047 480 legc
1067 446 1247 480 prohibentur
1265 454 1270 470 τ
1287 450 1313 472 ct
1332 447 1434 480 pcccati
1460 454 1503 472 rea
1527 447 1690 472 intellexerit

907 489 1075 523 iniquitaten]
1094 497 1181 521 suam,
1199 490 1294 516 offeret
1309 491 1421 516 arietem
1442 491 1640 518 immaculatum
1656 491 1689 517 dc

908 535 1033 568 gregibus
1054 536 1196 562 sacerdoti.
1219 536 1249 562 Et
1270 536 1383 562 multum
1402 537 1507 563 videtur
1522 537 1629 563 differre
1646 537 1688 563 in-

908 586 947 607 ter
963 582 1012 607 hoc
1027 582 1199 612 sacrificium,
1217 587 1243 608 ct
1261 582 1324 608 illud
1341 582 1411 616 quod
1426 583 1526 608 dudum
1539 583 1665 617 praecepit
1682 592 1686 608 :

908 627 952 653 sed
977 636 1063 661 neque
1083 628 1181 654 oblitus
1207 633 1248 654 est
1271 629 1403 654 anteriora
1428 637 1477 655 nee
1501 629 1632 655 contraria
1651 630 1689 655 cis

908 673 1045 705 praecepit.
1065 672 1132 704 Quia
1154 673 1226 698 enim
1245 673 1354 700 nominc
1370 673 1466 699 anima:
1481 674 1606 708 gentilem
1621 674 1689 700 dixi-

909 724 967 742 mus
985 717 1140 750 significari,
1161 718 1204 744 hic
1225 723 1314 744 amem
1337 718 1449 744 forsitan
1469 718 1594 753 ignorans
1612 727 1688 745 nian-

907 762 966 787 datu
987 762 1051 796 togis
1071 763 1221 798 transgredi
1248 768 1353 797 poterat
1378 764 1498 798 (propter
1515 764 1586 798 qnod
1611 764 1687 792 dixit.

907 816 952 840 per
972 809 1148 842 iqnorantiam
1170 809 1261 839 ret-te),
1281 810 1456 844 intelligibilis
1474 810 1554 841 aries,
1566 809 1689 836 Christus

77 861 165 881 (utum
180 856 205 881 iu
220 860 311 881 saneta
329 864 335 883 2
351 856 392 881 hie
407 864 470 890 orgo
487 856 573 890 ipsum
591 856 694 886 reddet,
708 861 734 882 ct
748 857 856 890 insuper
873 855 893 882 B
909 854 1041 883 videlicet,
1059 855 1138 888 hujus
1155 860 1293 889 peccatum
1310 856 1336 882 in
1356 856 1487 883 sacrificio
1505 864 1553 890 pro
1568 863 1600 882 eo
1613 856 1688 882 obla-

76 902 209 934 qniutam.
225 902 304 927 idest
320 902 439 935 quintam
460 902 517 936 ejus
538 906 640 936 partein
659 903 745 928 trudet
765 910 855 927 sacer-

76 947 141 973 doti.
167 947 221 973 lloe
243 952 334 973 autem
360 948 491 982 signifieat
512 953 550 979 ut,
581 949 707 982 quoniam
737 948 855 982 quinque

75 1002 172 1019 sensus
195 994 334 1026 habemns,
351 994 372 1020 si
397 1002 443 1028 per
467 1002 549 1020 unum
572 1002 681 1021 sensum
706 995 856 1029 pet-cateri-

77 1047 145 1070 nms,
163 1040 243 1066 veluti
259 1040 280 1065 si
296 1040 403 1065 oculum
420 1040 452 1065 ad
468 1039 627 1066 adulterium
644 1040 670 1066 in
695 1044 815 1074 tempore
829 1045 855 1066 et

77 1085 136 1111 loeo
153 1092 248 1112 saneto
264 1086 497 1119 occupaverimus,
515 1091 560 1112 aut
585 1085 700 1120 liugnam
722 1086 748 1112 in
768 1086 855 1112 detra-

78 1130 176 1161 hendo,
195 1130 235 1156 vel
253 1139 332 1157 aures
347 1131 379 1157 ad
399 1131 494 1157 malam
514 1131 687 1163 locutionem,
702 1136 747 1157 aut
763 1132 856 1157 odora-

76 1180 132 1202 tum
157 1176 188 1201 atl
211 1176 412 1210 perceptionem
432 1176 667 1202 odoramentorum
689 1176 855 1202 meretricio-

77 1229 146 1252 rum,
162 1226 207 1248 aut
223 1229 331 1248 manum
345 1222 378 1247 ad
394 1225 493 1247 tactum
508 1221 649 1255 profanum
665 1226 692 1247 ct
706 1221 854 1254 injustum:

77 1267 192 1300 primum
209 1267 317 1301 quidem
340 1267 372 1293 ab
391 1267 436 1293 illo
454 1271 564 1301 peccato
586 1267 696 1294 omnino
718 1268 855 1296 abstinea-

76 1319 145 1344 mus,
162 1317 188 1339 et
205 1313 389 1347 poenitentiam
407 1314 439 1339 de
454 1320 485 1339 eo
497 1320 544 1346 per
563 1313 673 1340 arietem
689 1313 854 1347 offeramus;

76 1358 102 1385 id
116 1363 166 1390 cst,
184 1359 320 1385 utu-istum
336 1367 461 1393 rogemus
477 1364 505 1385 ut
521 1360 622 1393 peccati
639 1360 663 1385 in
676 1368 703 1386 se
719 1361 854 1387 eomm1ssi

76 1404 132 1438 ipse
159 1405 204 1431 liat
227 1405 353 1439 ereptio:
373 1405 469 1431 deinde
493 1405 628 1439 quintam,
655 1406 678 1432 id
707 1410 747 1432 cst
772 1414 854 1433 unum

77 1450 263 1484 pricdictorum
289 1439 427 1480 sensuum,
450 1458 497 1484 per
519 1451 590 1484 quod
616 1455 754 1485 peccatum
780 1460 853 1479 com-

76 1495 186 1521 missum
202 1500 251 1527 est,
267 1496 411 1522 offeramus
429 1496 569 1528 sacerdoti,
586 1497 691 1523 Christo
707 1497 831 1524 videlicet
847 1507 852 1523 :

76 1544 105 1566 nt
131 1548 300 1574 nequaqnam
331 1542 397 1567 ultra
426 1541 458 1567 ad
488 1541 621 1568 actionem
646 1550 754 1576 pravam
780 1543 854 1569 illum

75 1593 238 1620 occupemus
266 1595 386 1618 sensum,
405 1587 451 1613 sed
478 1595 668 1614 consecremus
692 1588 766 1614 illum
792 1589 854 1616 Deo.

76 1631 121 1658 Sic
133 1632 205 1658 enim
219 1640 268 1666 pro
279 1637 389 1666 peceato
402 1637 493 1659 nostro
507 1633 702 1667 deprecabitur.
715 1633 856 1665 Quomodo

75 1680 164 1702 autem
183 1677 284 1710 peccati
308 1677 377 1703 aries
400 1684 448 1710 per
472 1678 639 1703 sacerdotem
660 1677 797 1708 offeratur,
830 1678 854 1704 in

75 1720 127 1747 alia
151 1725 227 1754 parte
254 1721 314 1747 libri
340 1722 523 1755 conscriptum
550 1726 600 1752 est,
623 1722 667 1748 ubi
695 1723 854 1749 sacrificium

75 1773 124 1800 pro
139 1770 250 1800 peccato
265 1767 367 1800 aequale
387 1774 446 1793 esse
462 1767 595 1794 sacrificio
609 1767 680 1801 qnod
697 1775 746 1802 pro
760 1768 855 1795 delicto

75 1811 113 1842 fit,
135 1811 298 1845 praedIcavit.
321 1811 376 1838 lIoc
397 1817 486 1838 autem
512 1820 583 1839 nunc
606 1813 786 1847 adjiciendum
803 1819 854 1845 est,

73 1857 135 1891 quia
165 1857 292 1883 delictum
321 1857 456 1891 legislator
481 1857 587 1885 duobus
614 1859 699 1886 modis
726 1859 781 1888 uti.
808 1867 854 1885 seu

73 1909 174 1936 ponere
189 1902 288 1933 solens,
302 1907 328 1929 et
343 1903 470 1929 delictum
486 1904 621 1938 appellare
648 1910 721 1931 nunc
745 1905 853 1939 quidem

72 1952 212 1981 peccatum
238 1948 309 1982 quod
332 1948 364 1975 ad
387 1949 527 1976 scientiam
552 1951 684 1984 pervenit,
703 1955 729 1978 et
754 1959 855 1986 nequa-

72 2001 151 2027 quam
166 1995 220 2028 jain
239 1994 358 2028 ignotum
377 2000 418 2021 est
437 1996 569 2029 peccanti,
586 2004 657 2023 nunc
677 2001 766 2024 autem
782 1998 853 2032 quod

72 2039 98 2066 in
125 2039 178 2066 Deo
205 2041 262 2074 ipso
288 2041 461 2067 commissum
483 2047 532 2073 est,
557 2043 638 2068 veluti
665 2043 851 2077 jurejurando,

70 2087 212 2113 autetiam
239 2087 264 2112 in
287 2087 396 2118 sanctis,
413 2095 466 2113 non
490 2088 548 2114 sine
569 2096 649 2114 causa
672 2089 721 2115 hoc
738 2090 853 2123 appellat

70 2131 208 2164 delictum,
227 2133 273 2159 sed
299 2137 327 2158 ut
350 2138 376 2158 tn
399 2141 545 2167 cognoscas
569 2134 694 2160 similiter
717 2135 742 2160 in
768 2136 851 2162 Deum

69 2178 176 2204 extendi
205 2183 355 2212 peccatum,
380 2179 451 2212 qnod
481 2179 507 2205 in
540 2180 662 2211 scientia,
681 2185 708 2206 et
732 2181 802 2214 quod
824 2182 849 2207 in
867 2194 889 2220 D

67 2223 252 2257 jurejurando,
270 2231 296 2250 et
314 2225 383 2258 quod
401 2225 427 2250 in
444 2225 543 2250 sanctis
558 2225 745 2252 committitur.

103 2267 183 2294 Vens.
206 2269 296 2295 17-19.
318 2279 326 2293 ι
351 2270 446 2295 Anima
470 2269 492 2295 si
523 2270 673 2303 peccaverit
700 2278 747 2304 pcr
777 2271 851 2304 igno-

70 2315 195 2344 rantiam.
210 2315 356 2348 feceritque
382 2323 464 2340 unum
483 2323 514 2340 ex
538 2315 579 2341 his
594 2323 653 2349 quse
669 2316 773 2342 Domini
796 2318 851 2351 lege

69 2358 256 2390 prohihentur,
275 2363 299 2384 ct
314 2359 414 2392 precati
437 2366 480 2383 rea
499 2358 663 2384 intellexerit
682 2359 849 2393 iniquitatem

68 2410 152 2434 suam,
170 2408 197 2429 et
210 2404 305 2429 offeret
325 2404 434 2429 arietem
459 2404 659 2430 innnaculatum
674 2404 706 2430 dc
724 2405 848 2438 gregibus

68 2449 211 2480 sacerdoti,
228 2449 303 2482 juxta
327 2457 479 2475 mensuram
502 2450 761 2483 aestimationemque
785 2458 847 2484 pec-

67 2494 129 2526 cati,
146 2495 190 2528 qui
212 2495 300 2521 orabit
324 2503 371 2528 pro
397 2496 441 2521 illo
463 2496 533 2529 qnod
558 2496 683 2522 nesciens
703 2496 805 2527 fecerit,
823 2503 848 2523 et

67 2540 217 2566 dimittetur
241 2541 275 2572 ei,
297 2541 357 2574 quia
385 2548 432 2574 per
461 2549 579 2567 errorem
607 2540 718 2575 deliquit
747 2541 772 2567 iu
795 2541 847 2568 Do-

65 2586 147 2611 mini).
168 2595 177 2610 ›

101 2629 186 2656 Ilabet
198 2638 316 2663 pra-sens
328 2631 401 2657 locus
411 2631 586 2665 qnaestionem
598 2639 651 2657 non
664 2632 767 2658 modica
780 2640 845 2658 con-

66 2674 227 2701 sideratione
239 2677 357 2709 dignuin.
369 2678 430 2710 quia
444 2685 491 2710 pro
503 2678 618 2710 peccatis
635 2685 682 2710 pro
694 2677 792 2710 quibus
805 2685 846 2702 ra·

65 2729 139 2755 pram
157 2721 260 2755 pridem
276 2723 376 2752 offerri,
394 2728 439 2748 aut
453 2730 529 2749 ovem
546 2723 684 2756 praecepit;
699 2722 735 2748 ait
751 2723 821 2748 enim
837 2731 844 2748 ι

101 2819 123 2836 ¹⁸
143 2820 220 2848 Joan.
239 2830 281 2852 xv,
306 2822 350 2849 29..

164 2867 298 2897 Parnon.
325 2869 381 2897 Gn.
401 2868 502 2898 XCIII.

908 904 950 926 tus
973 900 1060 927 diluit.
1087 902 1138 928 Sed
1166 907 1192 927 ct
1218 902 1281 927 illud
1302 903 1463 933 ostenditur,
1489 907 1567 936 atque
1594 902 1620 928 in
1646 902 1689 928 his

906 945 1047 971 evidenter
1061 946 1272 977 demonstratur,
1285 947 1345 980 quia
1361 947 1387 973 in
1403 955 1564 981 unoquoque
1580 946 1687 980 quidem

907 996 1028 1024 peceato,
1047 999 1096 1025 pro
1120 992 1283 1018 remittendo
1307 1000 1338 1018 co
1361 993 1464 1027 egimus
1490 992 1687 1027 poenitcntiam,

907 1045 967 1063 cnm
979 1045 1032 1063 non
1048 1038 1132 1064 simus
1148 1038 1237 1064 idonei
1252 1047 1299 1072 per
1312 1038 1502 1072 nosmetipsos,
1516 1039 1574 1065 siue
1589 1038 1687 1065 Christi

907 1084 1041 1111 sacrificio
1055 1085 1185 1119 consequi
1200 1085 1316 1111 venium.
1334 1085 1402 1119 Ergo
1417 1085 1437 1110 si
1448 1085 1508 1119 quis
1520 1089 1592 1111 extra
1608 1084 1687 1110 tidem

906 1129 1006 1156 Christi
1026 1131 1189 1156 constitutus
1209 1135 1258 1161 est,
1276 1129 1385 1157 Judreus
1406 1130 1474 1156 sorte
1493 1136 1537 1156 :int
1559 1138 1688 1163 paganus,

907 1175 969 1202 licet
988 1176 1121 1209 poenitere
1149 1183 1177 1202 se
1197 1176 1230 1202 de
1251 1176 1368 1210 pcccatis
1392 1176 1448 1202 suis
1473 1184 1519 1210 per
1544 1183 1689 1202 conversa-

907 1222 1006 1248 tionem
1035 1226 1062 1248 et
1090 1222 1171 1248 vitam
1203 1222 1369 1248 demonstret
1382 1243 1388 1253 ,
1417 1222 1603 1248 remissionem
1635 1229 1688 1247 nou

907 1266 1064 1297 merebitur,
1080 1267 1141 1300 quia
1165 1267 1274 1293 arietem
1290 1267 1397 1298 offerre,
1418 1268 1443 1293 id
1462 1272 1512 1299 cst,
1529 1267 1628 1293 Christi
1645 1274 1690 1293 sa-

907 1311 1050 1343 crificium,
1069 1320 1122 1338 non
1146 1318 1244 1346 potest.
1266 1314 1446 1344 Quamobrem
1472 1313 1633 1347 generaliter
1657 1312 1689 1339 de.

907 1357 1033 1384 omnibus
1048 1357 1247 1391 quodammodo
1267 1358 1372 1384 sancire
1391 1358 1513 1392 cupiens,
1532 1365 1583 1383 non
1603 1357 1688 1384 dixit:

907 1401 934 1428 Si
949 1403 1039 1429 anima
1055 1404 1087 1430 de
1103 1403 1212 1438 populo,
1227 1403 1283 1436 sed,
1302 1404 1330 1429 Si
1350 1404 1439 1429 anima
1457 1403 1614 1437 simpliciter
1632 1410 1690 1435 pec·

906 1449 1012 1480 caverit,
1035 1452 1058 1474 et
1087 1450 1174 1484 fecerit
1205 1458 1284 1475 uuum
1312 1458 1343 1475 esc
1367 1450 1404 1475 his
1432 1457 1489 1483 quw
1511 1449 1614 1475 Domini
1638 1448 1690 1484 leqe

906 1495 1084 1528 prohibentur.
1105 1497 1173 1530 Ergo
1197 1501 1224 1522 et
1249 1497 1280 1523 de
1305 1496 1423 1525 indocto.
1446 1501 1472 1523 et
1493 1496 1525 1523 de
1549 1496 1689 1523 scientiam

909 1540 1035 1571 habente,
1054 1548 1103 1567 nec
1124 1549 1176 1567 uon
1193 1541 1226 1567 de
1244 1542 1316 1568 omni
1339 1546 1447 1576 peceato
1466 1546 1538 1569 recte
1554 1541 1604 1567 hoc
1620 1540 1689 1575 qnod

907 1585 1007 1612 dictum
1039 1590 1080 1612 est
1092 1605 1098 1617 ,
1124 1586 1264 1620 accipitur.
1293 1586 1359 1618 Quia
1387 1592 1476 1613 autem
1505 1587 1617 1613 arietem
1643 1593 1691 1620 pro

907 1631 1004 1658 delicto
1026 1632 1103 1665 jubet
1126 1632 1228 1663 offerri,
1245 1633 1444 1666 apertissimum
1466 1640 1508 1660 est
1534 1633 1597 1668 quia
1622 1632 1690 1658 deli-

907 1681 979 1703 ctum
1006 1677 1049 1703 hic
1075 1677 1212 1712 legislator
1234 1678 1400 1705 intellectum
1425 1683 1564 1713 peccatum
1589 1678 1689 1712 posuit.

907 1720 1019 1756 Propter
1029 1722 1099 1755 quod
1116 1722 1209 1748 dicens
1223 1730 1271 1756 per
1287 1723 1479 1757 ignorantiam,
1497 1722 1635 1749 subdidit:

938 1769 970 1793 Et
986 1768 1084 1802 peccati
1112 1777 1154 1794 ren
1173 1769 1326 1795 intellexerit
1355 1770 1518 1804 iniquitatem
1536 1777 1621 1794 suum.
1639 1767 1690 1799 Qui

906 1818 995 1840 autem
1011 1813 1174 1840 intellexerit
1192 1819 1342 1848 peceatum,
1359 1814 1403 1841 hic
1417 1814 1482 1841 illud
1501 1815 1528 1840 in
1545 1821 1574 1840 se
1590 1813 1688 1843 relidit.

905 1863 930 1884 et
945 1858 1097 1885 sordidatur
1112 1859 1145 1885 ab
1156 1867 1198 1891 eo,
1210 1859 1265 1886 sire
1278 1865 1415 1890 oneratur,
1431 1859 1549 1894 quandiu
1562 1867 1610 1895 per
1624 1867 1689 1893 prat·

906 1904 1005 1930 dietum
1020 1903 1183 1931 sacrificium
1201 1905 1288 1931 oratio
1312 1912 1361 1939 pro
1385 1912 1418 1931 eo
1449 1905 1505 1931 fiat.
1535 1904 1689 1932 Intellectus

905 1952 994 1974 autem
1010 1949 1123 1983 peccati,
1156 1949 1181 1976 in
1208 1950 1371 1977 habentibus
1401 1950 1510 1985 quidem
1537 1949 1687 1980 scientiam.

904 1995 1106 2021 contenebratis
1122 2002 1186 2021 vero
1199 2003 1289 2022 amore
1304 1995 1457 2025 libidinum.
1474 2003 1586 2022 necesse
1597 1998 1687 2024 estut.

905 2048 964 2066 cum
983 2040 1010 2066 in
1023 2041 1185 2075 cogitatione
1200 2049 1247 2068 sua
1275 2042 1448 2076 resipiscunt,
1468 2043 1609 2077 proveniat
1623 2050 1629 2067 z
1642 2049 1687 2068 ca-

905 2086 1026 2112 rentibus
1037 2094 1098 2113 vero
1115 2087 1237 2119 scientia,
1255 2095 1302 2122 per
1314 2094 1510 2122 competentem
1527 2088 1686 2119 doctrinam,

903 2131 948 2165 qui
978 2132 1130 2158 intellectus
1163 2139 1223 2158 cum
1265 2133 1396 2159 alterutro
1427 2133 1522 2159 horum
1552 2134 1686 2168 provenit,

905 2177 984 2203 modo
1004 2177 1036 2202 ad
1054 2176 1103 2203 hoc
1119 2182 1208 2204 movet
1226 2178 1373 2209 hominem,
1391 2183 1420 2204 ut
1434 2180 1651 2211 egeatsacrifieiu
1662 2185 1688 2207 et

903 2222 1074 2256 prenitentia.
1091 2222 1140 2254 Qui
1154 2223 1224 2249 enim
1242 2223 1364 2258 intelligit
1378 2224 1564 2257 pollutionem,
1587 2230 1614 2251 et
1634 2233 1686 2252 non

903 2276 930 2295 se
948 2273 1042 2302 purgat
1065 2277 1111 2302 per
1128 2269 1324 2302 poenitentiam,
1346 2270 1519 2295 manifestum
1545 2275 1586 2296 est
1616 2272 1687 2304 quod

902 2312 1095 2338 abominabilis
1112 2313 1145 2338 sit
1160 2317 1187 2338 et
1217 2313 1350 2339 sordidus,
1368 2313 1433 2339 IN'am
1454 2314 1533 2347 hujus
1547 2315 1584 2340 rei
1603 2320 1686 2349 gratia

901 2359 934 2384 ‹le
951 2358 1050 2385 Iudaeis
1080 2359 1212 2385 Dominus
1238 2359 1344 2385 (licebat
1373 2368 1378 2385 z

903 2405 1001 2430 Iocutus
1026 2405 1062 2430 cis
1090 2405 1206 2439 fuissem.
1225 2411 1357 2438 peceatum
1380 2414 1429 2431 non
1452 2407 1576 2432 haberem
1595 2415 1602 2432 .·
1620 2416 1686 2432 nunc

1405 2360 1432 2385 Si
1453 2369 1502 2385 non
1527 2362 1649 2386 venisseut
1664 2368 1686 2387 el

902 2456 989 2476 autem
1014 2452 1206 2476 excusationem
1233 2459 1282 2477 non
1297 2452 1390 2477 liabent
1413 2453 1443 2478 de
1466 2459 1570 2486 peccato
1592 2462 1639 2479 sno
1653 2455 1683 2479 Η.

904 2497 958 2522 Iloc
984 2502 1073 2521 autem
1099 2496 1205 2530 planius
1233 2504 1264 2522 ex
1296 2497 1493 2530 posterioribus
1509 2499 1681 2532 approbatur.

902 2542 970 2573 Quid
983 2542 1054 2566 enirn
1068 2542 1131 2567 ‹heit
1149 2551 1154 2568 :

936 2585 1080 2619 Omtritpru
1096 2586 1139 2611 itto
1162 2588 1291 2618 sacerdos,
1318 2588 1385 2620 quod
1403 2589 1516 2615 nesciens
1541 2590 1641 2622 fecerit,
1661 2594 1683 2615 rt

900 2632 1044 2658 dimittetur
1056 2633 1088 2661 ei,
1105 2633 1165 2666 quia
1178 2641 1223 2666 per
1236 2642 1348 2659 errorem
1366 2634 1473 2667 deliquit
1490 2635 1515 2660 in
1534 2636 1682 2660 Dominum.

899 2677 974 2708 Quod
993 2677 1059 2703 Lxx
1076 2678 1167 2704 dicunt
1186 2686 1191 2702 :
1210 2677 1241 2704 Et
1271 2679 1417 2705 dimittetur
1440 2680 1472 2709 ei,
1490 2680 1596 2713 deliquit
1614 2679 1681 2704 enim

899 2723 1019 2749 delictum
1033 2729 1092 2749 unte
1109 2724 1256 2751 [mutinum.
1274 2724 1305 2752 Et
1322 2726 1457 2759 quomodo
1473 2726 1541 2751 idem
1559 2725 1615 2759 ipse
1635 2733 1682 2751 ne·
