1842 3018
88 118 156 143 1635

618 114 755 141 LEON'ttt
777 113 947 140 NEAPUIAT
954 114 1008 140 ttNt
1032 114 1185 141 ttt'tstlot‘t

1648 117 1714 143 565⁴.)

89 175 221 208 Cyprum,
248 174 272 199 in
297 173 428 198 ciuitatem
453 178 539 197 snam.
565 169 640 196 Unde
664 170 804 201 occaz'one
827 176 871 194 ac-
887 169 1078 201 Aglnriticabo
1093 170 1119 203 (1
1135 171 1195 205 neq.
1214 172 1252 205 ιι).
1277 172 1344 199 Vere
1368 173 1437 200 euim
1459 174 1596 208 magnifiee
1611 174 1709 208 glorifi-

90 225 166 252 cepta
179 241 185 251 ,
205 219 329 252 pra-latus
345 218 432 243 Niceta
450 216 575 249 patricius
590 215 657 253 dixit
678 214 708 240 ad
732 219 850 240 sanctum
866 223 871 238 ·.

90 264 222 292 Obsecro,
239 264 260 289 si
284 262 369 288 inveni
392 260 502 294 gratiam
527 264 587 286 ante
608 264 647 289 te,
672 265 704 284 ne
725 258 874 292 dedignvrts

91 309 195 343 fatigati
221 315 303 341 u<que
329 306 360 332 ad
395 306 492 340 regiam
527 305 675 335 civitatem.
696 308 722 330 et
742 303 807 329 bene
831 310 873 329 ac-

91 359 182 387 ceptas
197 360 288 386 preces
311 357 369 378 tuas
389 351 489 377 donare
512 349 638 383 piiSsimis
659 349 872 383 imperatoribus.

90 399 135 425 lile
178 404 242 424 vcro
280 399 370 425 muttae
408 397 470 425 tidci
507 396 557 423 viri
602 395 789 427 consentiens,
811 394 874 421 obe-

94 444 170 470 diens
186 444 217 469 ad
234 444 283 469 hoc
300 442 383 469 sactus
399 447 438 468 est
459 442 513 468 Deo
532 446 556 468 et
578 442 704 468 voluntati
725 441 797 474 ejus,
817 445 842 467 et
860 448 873 466 a

90 497 119 515 se
136 489 224 515 datum
239 489 366 515 honorem
380 493 504 521 quantum
517 492 573 513 erat
586 487 655 513 cirea
669 487 772 512 beatum
787 491 876 512 osten·

90 535 153 561 dere
170 536 284 561 volente.
303 535 420 568 Fatigata
437 534 517 568 igitur
532 534 590 560 navi
613 532 793 566 multipliciter
814 540 828 558 a
850 533 873 557 vi

93 585 231 606 ventorum
245 601 251 612 ,
270 580 295 606 in
312 587 362 613 qua
377 585 483 605 sanctus
497 586 556 605 cum
579 579 688 612 patricio
709 583 782 609 erat,
802 583 828 604 et
849 578 873 604 in

95 625 255 657 protundum
271 624 398 652 mittenda
413 644 419 654 ,
436 624 507 650 vidct
528 631 598 658 ssrpe
613 628 775 650 memoratus
789 624 875 657 patri-

94 670 166 700 cius,
183 675 208 696 et
222 670 364 703 optimates
379 669 423 703 qui
446 677 505 694 cum
521 676 552 695 eo
567 673 660 701 erant,
676 676 726 694 una
742 673 832 699 nocte,
848 668 874 694 in

92 723 144 750 qua
160 720 303 749 tempestas
321 715 388 741 sacta
403 719 459 745 est,
477 715 650 747 patriarcham
671 714 750 741 modo
770 714 874 748 quidem

90 770 149 788 rum
174 761 331 795 pauperibus
359 768 406 794 per
430 760 516 786 navim
540 760 636 793 ubique
660 759 874 785 circumcurren-

91 811 157 837 tem,
176 806 254 831 modo
270 810 356 831 autem
371 807 464 832 iterum
483 813 541 831 cum
564 805 603 832 eis
618 813 711 831 manus
733 805 759 830 in
779 804 873 831 coelum

927 216 995 242 cavit
1009 221 1128 243 sanctum
1145 217 1224 251 hunc,
1241 218 1284 252 qui
1306 219 1332 245 in
1347 219 1401 246 suis
1416 227 1520 254 semper
1538 220 1613 246 bonis
1629 221 1708 254 glori-

927 260 1018 287 ficatus
1036 267 1076 288 est
1097 261 1233 289 Dominus.
1252 263 1308 289 Non
1335 264 1404 290 enim
1427 264 1515 291 serens
1534 265 1630 291 nobilis
1652 265 1706 295 hic.

925 306 1063 340 temporali
1075 307 1127 333 vita
1141 314 1186 333 sua
1201 309 1389 341 conquiescere
1400 315 1490 336 sancta
1502 314 1527 336 et
1539 311 1616 344 digna
1631 310 1708 336 laude

925 351 1004 383 bona,
1018 352 1079 385 quid
1095 352 1168 386 egit?
1190 353 1371 385 Xenodochia,
1395 355 1601 387 gerontocomia.
1630 360 1708 389 atque

926 397 1084 423 monasteria
1100 404 1114 423 a
1129 396 1306 424 fundamentis
1321 398 1467 431 aedincans,
1482 404 1508 426 et
1523 399 1621 426 choros
1644 407 1707 426 san-

925 446 1026 467 ctorum
1054 443 1242 468 monachorum
1274 447 1392 469 statuens
1402 463 1408 475 ‚
1437 444 1618 471 incessabilem
1639 452 1708 470 vera:

923 486 1031 519 justitiae
1046 487 1200 513 memoriam
1216 487 1343 520 possidet,
1360 496 1404 521 per
1417 496 1445 515 ea
1467 496 1525 523 quae
1540 489 1707 516 celebrantur

927 531 952 557 in
964 531 1002 558 eis
1018 531 1085 558 hona
1096 539 1186 566 opera.
1204 532 1277 565 Quod
1294 533 1362 559 enim
1377 533 1409 559 de
1425 533 1465 560 his
1479 534 1522 568 qui
1535 534 1602 560 mala
1617 539 1706 567 agunt,

926 581 950 602 et
962 583 1130 603 successores
1144 578 1309 611 propriorum
1329 578 1456 604 malorum
1480 583 1539 612 post
1554 583 1664 604 mortem
1681 579 1708 605 in

930 622 981 647 vita
999 620 1047 647 hac
1061 622 1224 655 relinquunt,
1241 623 1277 648 ait
1301 622 1412 648 Domino
1435 623 1526 656 plenus
1544 623 1683 657 apostulus
1701 632 1706 649 :

926 665 1056 698 Quoniam
1068 667 1241 700 quorumdam
1269 673 1377 700 peccata
1407 668 1628 707 manifesta-sunt,
1643 676 1708 701 prae-

926 713 1044 739 cedentia
1060 713 1243 746 adJudicinm3
1261 713 1386 747 quosdam
1403 719 1488 740 autem
1502 719 1528 740 et
1543 715 1708 748 subsequun-

927 763 978 785 tur.
990 759 1043 785 lloc
1053 764 1160 785 econtra
1171 758 1228 793 (95)
1239 759 1271 785 de
1283 762 1331 786 boe
1340 760 1415 786 beato
1426 760 1563 787 dicendum
1574 765 1613 787 est
1625 769 1631 786 z
1644 760 1709 793 Quo-

927 804 996 829 niam
1009 804 1179 838 quorumdam
1188 806 1295 839 Justitirc
1304 806 1450 833 manifestae
1461 811 1522 832 sunt
1532 807 1709 840 praecedentes

91 851 297 882 extendentem,
314 854 339 876 et
360 850 392 876 ab
414 850 467 876 alto
488 849 645 883 adjutorium
666 849 871 876 abstrahentem.
890 850 911 879 Β
926 848 950 873 in
974 856 1083 882 regnum
1108 850 1233 876 coetorum
1249 850 1275 885 (1
1287 851 1366 882 Τίηι.,
1382 852 1418 884 v),
1432 852 1559 885 quosdam
1583 856 1670 878 autem
1686 856 1710 879 et

91 895 208 928 Cumque
224 896 249 921 in
266 895 386 921 Rhodum
404 895 459 929 (90)
483 896 666 928 pervenissent
684 894 874 927 ascendentes,

92 939 163 965 videt
176 940 377 973 expergefactus
393 946 407 964 a
426 939 479 966 Deo
496 944 604 966 vocatus
621 939 662 966 hic
676 939 817 974 quemdam
832 946 876 965 eu-

94 985 208 1011 nuchum
224 990 406 1011 coruscantem
421 985 504 1011 forma
515 1005 521 1017 ‚
537 989 562 1012 et
583 992 691 1012 aureum
706 989 837 1019 sceptrum
850 985 875 1011 in

95 1029 185 1056 dextra
199 1034 342 1062 tenentem,
355 1030 580 1056 assistentemsibi
594 1035 619 1056 ct
632 1030 762 1056 dicentem
777 1039 782 1055 :
798 1029 874 1062 Veni,

94 1075 156 1108 iube
171 1075 242 1109 (at),
257 1075 313 1101 Rex
331 1076 495 1109 regnantium
511 1076 606 1109 qnaerit
621 1080 656 1103 te.
671 1075 737 1102 Nihil
749 1083 812 1109 ergo
824 1080 878 1102 sta-

92 1121 139 1146 tim
156 1121 305 1154 negligens,
321 1120 432 1147 advocat
453 1120 590 1154 patricium
612 1121 728 1147 Nicetam
740 1141 746 1152 ,
769 1126 795 1147 et
813 1122 875 1148 dicit

91 1165 116 1191 ei
131 1172 192 1191 cum
209 1166 298 1191 multis
315 1165 457 1200 lacrymis:
474 1165 512 1192 Tu
527 1166 632 1200 quidem
644 1188 650 1197 ,
672 1174 688 1192 o
703 1167 808 1193 domine
821 1187 828 1199 ,
843 1168 874 1194 ad

92 1215 226 1236 terrenum
252 1210 437 1244 imperatorem
454 1218 496 1237 me
511 1211 628 1242 vocaSti;
645 1211 690 1237 sed
706 1212 872 1245 praeveniens

91 1254 224 1286 coelestis,
241 1260 301 1281 ante
319 1256 425 1281 vocavit
441 1256 613 1288 exiguitatem
630 1263 723 1282 meam.
742 1256 774 1282 Et
787 1257 876 1283 retulit

91 1301 114 1326 ei
135 1301 264 1333 eunuchi,
288 1301 340 1327 imo
360 1302 445 1335 angeli
468 1302 616 1333 visionem,
639 1310 698 1336 quae
719 1307 876 1336 apparuerat

92 1346 154 1373 sibi.
177 1347 288 1374 Gatisus
307 1356 370 1382 ergo
392 1353 418 1374 et
433 1349 514 1375 tristis
531 1349 615 1375 sactus
631 1350 698 1376 idem
716 1351 876 1384 gloriosissi-

94 1400 154 1419 mus
171 1394 218 1425 vir,
235 1394 364 1427 impedire
380 1399 499 1421 sanctum
515 1402 567 1421 non
586 1396 678 1428 potuit.
702 1396 813 1423 Abunde
829 1397 876 1430 igi-

93 1443 134 1464 tur
155 1440 254 1465 sanctis
275 1440 331 1473 ejus
353 1440 467 1473 repletus
488 1440 650 1468 orationibus
663 1462 669 1473 ‚
691 1447 717 1468 et
735 1442 875 1475 imperato-

93 1484 166 1509 ribus
182 1485 228 1510 bas
244 1484 366 1511 deserens
380 1507 386 1518 ‚
405 1493 463 1511 cunt
479 1486 562 1512 multo
577 1486 678 1513 honore
694 1487 781 1514 redire
803 1488 826 1514 ei
848 1489 874 1514 in

91 1527 205 1562 Cyprum
219 1529 305 1562 jussit.

125 1573 189 1599 Cn».
209 1573 300 1599 xbtx.
323 1589 356 1593 -—
377 1574 537 1601 Adveniente
558 1582 620 1609 ergo
635 1582 667 1602 eo
691 1575 716 1602 in
740 1575 873 1610 propriam

92 1620 234 1650 civitatem.
250 1628 309 1654 qna:
324 1621 482 1647 Amathunta
495 1622 551 1656 (92)
567 1622 720 1654 vocabatur,
733 1627 873 1650 testamen-

92 1672 146 1692 tum
162 1667 294 1701 proprium
317 1667 433 1693 scribere
454 1667 505 1693 cito
521 1667 648 1694 ministris
663 1668 717 1694 suis
739 1669 874 1701 praecepit.

93 1711 223 1739 Velociter
237 1719 298 1739 vero
313 1717 338 1738 ct
355 1712 410 1738 sinc
430 1712 554 1738 dilatione
571 1712 689 1739 chartam
704 1717 730 1739 et
746 1713 874 1739 calamum

93 1758 324 1790 praesentantibus‘,
348 1758 473 1791 prrecepit
496 1765 600 1783 sacrum
623 1757 684 1783 illud
708 1765 737 1783 os
758 1757 876 1783 scribere

92 1803 149 1829 sic':
170 1812 178 1827 ‹
197 1803 312 1829 ,loannes
326 1810 428 1834 servus,
450 1808 556 1836 propter
570 1809 628 1829 eam
645 1810 707 1828 vero
728 1809 787 1835 qurc
816 1809 877 1835 sup-

93 1847 175 1880 posita
188 1852 227 1873 est
238 1848 301 1873 mihi
317 1848 456 1874 sacerdotii
469 1848 633 1882 dignitatem,
648 1847 692 1874 Dei
704 1847 786 1881 gratia
798 1847 873 1873 liber.

93 1892 198 1918 Gratias
212 1899 270 1925 ago,
289 1892 366 1924 Deus,
381 1893 437 1923 tibi,
454 1892 576 1925 quoniam
592 1891 724 1918 exaudisti
742 1892 874 1917 miseriam

94 1945 189 1969 meam,
218 1943 352 1970 rogantem
382 1938 526 1964 bonitatem
556 1942 639 1969 tuam,
664 1945 696 1963 ne
713 1938 876 1964 inveniretur

93 1983 215 2008 morienti
233 1983 295 2009 mibi
325 1984 373 2008 nisi
391 1991 456 2009 unus
484 1983 622 2009 tremissis.
639 1983 791 2009 inveniente
805 1983 875 2008 enim

93 2034 136 2053 me
162 2027 187 2053 in
215 2027 362 2053 honorabili
390 2028 524 2061 episcopio
550 2028 725 2055 sanctissimae
751 2027 876 2054 Ecclesiae

93 2072 336 2099 Alexandrinorum
354 2080 453 2106 magna}
469 2073 592 2105 civitatis,
609 2081 686 2107 quam
712 2080 757 2106 per
785 2072 877 2098 indul-

94 2117 208 2148 gentiam
227 2117 271 2143 Dei
287 2119 402 2151 suscepi,
419 2118 523 2152 quando
539 2117 565 2143 in
580 2125 610 2144 ea
626 2122 796 2143 consecratus
818 2125 875 2143 sum

93 2163 243 2195 episeopus,
260 2163 364 2189 circiter
379 2164 510 2196 octoginta
526 2164 676 2190 centenaria
692 2164 760 2195 auri,
776 2168 802 2190 et
817 2171 875 2197 quse

927 894 1131 928 subsequuntur,
1144 896 1176 923 de
1187 897 1280 930 quibus
1292 905 1359 923 unus
1373 903 1399 923 et
1414 898 1462 924 iste
1473 898 1586 924 exstitit.
1603 898 1635 923 Et
1645 905 1710 932 quo⁴

927 941 996 967 niam
1013 948 1064 967 non
1079 942 1177 973 tabula,
1190 950 1275 976 neque
1290 943 1321 969 ad
1335 943 1446 976 gratiam
1462 947 1511 975 est,
1529 943 1597 976 quod
1613 944 1710 970 dictum

926 991 1039 1018 constat,
1070 988 1249 1014 testimonium
1278 989 1353 1014 nobis
1378 988 1514 1022 perhibeat
1540 989 1617 1022 plane
1641 989 1710 1022 quod

926 1039 986 1058 mox
1004 1032 1029 1058 in
1049 1032 1163 1066 pretiosa
1191 1033 1248 1067 ejus
1263 1033 1421 1060 dormitione
1436 1037 1539 1067 gestum
1556 1038 1596 1059 est
1621 1032 1710 1066 prodi-

926 1077 1008 1110 gium.
1026 1077 1157 1104 Tradente
1173 1078 1242 1104 enim
1262 1086 1293 1105 eo
1310 1083 1337 1105 et
1356 1079 1558 1105 commendante
1579 1078 1710 1112 propriam

926 1122 1042 1148 animam
1055 1123 1079 1148 in
1092 1130 1170 1149 manu
1182 1123 1298 1156 Domini,
1311 1127 1340 1149 ut
1352 1123 1387 1150 ait
1400 1123 1495 1150 alicubi
1509 1130 1582 1149 sacra
1598 1123 1710 1149 Littera:

926 1166 989 1194 Just*
1002 1175 1059 1194 rum
1082 1167 1176 1194 animae
1198 1168 1229 1194 ·in
1246 1176 1325 1195 manu
1348 1169 1394 1195 Dei
1424 1173 1485 1195 sunt
1507 1168 1584 1203 (Sap.
1610 1169 1663 1202 in),
1686 1173 1711 1195 et

927 1213 994 1238 hanc
1009 1213 1033 1239 ei
1050 1217 1076 1239 ut
1089 1213 1248 1240 sacrificium
1264 1213 1426 1240 immolatum
1442 1213 1578 1245 offerente,
1595 1221 1653 1240 cum
1669 1221 1710 1240 re-

928 1257 1098 1284 condendum
1114 1263 1184 1285 esset
1197 1259 1353 1286 honorabile
1366 1259 1423 1293 ejus
1434 1266 1531 1292 corpus
1556 1259 1709 1293 honorilice,

926 1309 951 1329 et
966 1310 1024 1329 cum
1037 1312 1154 1338 congruo
1169 1305 1351 1331 sacerdotibus
1368 1305 1418 1331 ritu
1444 1305 1470 1331 in
1493 1306 1605 1339 quodam
1621 1310 1710 1331 orato-

926 1348 968 1374 rio
987 1349 1070 1374 sancti
1098 1350 1285 1376 miraculorum
1314 1351 1420 1377 factoris
1442 1350 1576 1384 Tychonis
1588 1350 1654 1384 (94),
1680 1350 1710 1377 fit

925 1393 1056 1426 quoddam
1072 1395 1123 1420 tale
1140 1395 1242 1428 signum
1257 1395 1413 1428 gloriosum.

961 1438 1022 1465 Car.
1044 1438 1074 1464 L.
1096 1453 1129 1458 -—
1148 1439 1274 1466 tacebant
1288 1440 1313 1465 in
1323 1440 1437 1473 quodam
1452 1440 1562 1471 tumulo,
1575 1441 1619 1467 ubi
1632 1439 1710 1474 etiu-

926 1488 982 1510 stus
997 1484 1039 1510 bic
1053 1486 1220 1518 reponendus
1236 1490 1301 1517 erat.
1317 1486 1428 1512 duorum
1454 1486 1585 1520 quon-iam
1602 1486 1710 1519 episco-

888 1530 910 1559 C
928 1536 1032 1563 porum.
1047 1530 1090 1564 qui
1112 1535 1172 1557 ante
1194 1530 1365 1562 dormierant,
1389 1536 1479 1557 sancta
1505 1531 1633 1557 veraciter
1648 1538 1708 1557 cor-

927 1582 991 1609 pora
1007 1581 1157 1602 sanctorum
1172 1585 1178 1602 z
1194 1584 1252 1611 quae
1266 1581 1292 1603 et
1315 1578 1341 1603 in
1357 1581 1449 1603 natura
1465 1576 1580 1604 exanimi
1601 1577 1706 1603 interitu

925 1621 1057 1655 degentia,
1076 1626 1199 1656 tanquam
1226 1622 1248 1649 si
1273 1623 1329 1649 viva
1355 1630 1447 1649 revera
1468 1626 1567 1653 essent,
1584 1622 1710 1656 aequalem

926 1671 1017 1692 sancto
1029 1666 1157 1693 honorem
1175 1667 1333 1694 tribuerunt.
1350 1666 1415 1693 Cum
1440 1667 1509 1693 enim
1526 1667 1592 1693 beati
1614 1674 1709 1701 corpus

927 1712 995 1739 inter
1008 1712 1074 1739 duos
1084 1712 1141 1739 illos
1153 1713 1363 1746 componendum
1377 1716 1457 1744 esset,
1471 1713 1629 1739 honorantes
1643 1720 1710 1738 sum-

928 1767 998 1785 mum
1017 1764 1149 1791 pastorem
1173 1765 1302 1793 pastore5‚
1327 1764 1353 1785 et
1367 1759 1474 1785 multam
1499 1758 1560 1792 eius
1587 1758 1708 1784 fiduciam

927 1804 994 1837 apud
1013 1805 1093 1831 Deum
1106 1810 1272 1836 reverentes,
1289 1806 1365 1831 simul
1378 1810 1404 1832 et
1424 1806 1562 1836 mirantes,
1584 1805 1631 1831 Dei
1653 1805 1710 1839 jus-

927 1850 1000 1876 sione
1011 1856 1133 1883 tanquam
1146 1850 1314 1884 vivicorpora
1325 1857 1370 1876 sua
1379 1850 1606 1884 separautcsms),
1620 1850 1644 1876 in
1656 1857 1709 1875 me-

928 1894 971 1920 dio
986 1901 1089 1920 sacrum
1114 1893 1184 1921 hunc
1205 1899 1390 1928 susceperunt,
1417 1895 1542 1921 honorem
1567 1899 1593 1921 et
1617 1894 1664 1927 ipsi
1685 1894 1709 1920 ei

928 1941 1105 1973 praeceptione
1119 1940 1165 1966 Dei
1177 1941 1245 1966 sicut
1261 1947 1274 1965 a
1297 1940 1351 1966 Deo
1367 1940 1496 1966 honorato
1511 1939 1663 1970 offerentes.
1684 1944 1709 1965 et

928 1985 1049 2011 omnibus
1068 1986 1155 2011 statim
1171 1985 1341 2011 ostendentes
1367 1993 1424 2017 quae
1446 1992 1460 2011 a
1487 1985 1540 2010 Deo
1565 1985 1589 2011 ei
1614 1984 1709 2010 donata

928 2035 967 2056 cst
981 2031 1091 2064 gloriam
1106 2035 1184 2065 atque
1204 2031 1403 2057 sublimitatem.
1419 2030 1493 2063 Quod
1517 2030 1663 2055 maximum
1684 2034 1708 2055 et

928 2076 1148 2110 gloriosissimum
1165 2076 1330 2108 miraculum,
1346 2084 1397 2102 non
1414 2083 1490 2107 unus,
1507 2082 1590 2108 neque
1605 2074 1711 2106 decem,

929 2129 1014 2155 neque
1035 2126 1140 2148 ccntum
1161 2122 1294 2153 viderunt,
1309 2121 1354 2147 sed
1368 2121 1454 2147 omnis
1475 2120 1549 2146 turba
1573 2127 1632 2154 quae
1647 2127 1710 2146 eon-

929 2167 1001 2193 venit
1016 2166 1048 2193 ad
1065 2167 1204 2199 pretiosam
1218 2167 1275 2199 ejus
1291 2166 1462 2199 sepulturam.

93 2207 256 2234 intraverunt
281 2208 343 2233 mihi
372 2208 404 2233 ah
420 2208 510 2234 amicis
524 2208 633 2239 Christi,
655 2216 719 2241 pene
735 2215 872 2234 numerum
889 2201 912 2229 Ῑ)
962 2210 1024 2236 Cat».
1053 2206 1095 2233 Ll.
1112 2209 1235 2236 —Alind
1265 2213 1356 2236 nutem
1385 2210 1443 2244 ejus
1481 2209 1629 2244 gloriosius,
1639 2209 1709 2243 quod

94 2254 207 2279 hominis
224 2254 410 2280 transcendunt
424 2263 429 2285 ·,
447 2255 470 2279 in
485 2256 596 2288 seipsam
611 2259 723 2280 mentem
736 2254 872 2287 colligens,

93 2302 121 2323 et
135 2305 297 2331 cognoscens
318 2299 372 2324 hicc
387 2300 474 2324 omnia
487 2299 659 2325 dominatoris
674 2299 789 2325 omnium
804 2307 872 2330 esse,

95 2344 214 2370 festinavi
231 2352 259 2371 ca
276 2353 334 2377 quae
351 2345 394 2370 Dei
417 2349 491 2370 crant
508 2345 560 2370 Deo
576 2345 648 2370 dare.
676 2344 749 2371 Unde
764 2348 790 2370 ct
806 2344 874 2377 quod

97 2391 222 2415 remansit
236 2391 297 2415 mihi
313 2390 362 2416 hoc
378 2391 506 2423 tremisse,
526 2390 570 2416 Dei
586 2394 612 2416 et
629 2390 677 2415 hoc
693 2389 821 2422 existens,
832 2389 874 2422 jn-

96 2434 144 2460 beo
160 2434 215 2460 dati
232 2435 271 2460 his
287 2436 329 2468 qui
346 2440 405 2461 sunt
423 2435 477 2461 lvci.
498 2444 506 2459 ι
522 2436 542 2461 0
556 2436 670 2468 gloriosa
691 2443 731 2460 res
745 2436 751 2459 Σ
767 2442 782 2460 ο
797 2434 875 2460 devo-

95 2480 193 2505 tionem
208 2481 289 2505 sancti
307 2482 313 2505 t
331 2481 385 2506 ¹Non
403 2480 523 2512 attendit,
552 2481 619 2506 sicut
631 2479 780 2511 debuisset,
804 2479 874 2509 snis;

99 2525 168 2558 quod
185 2525 283 2551 faciunt
298 2526 370 2551 multi
387 2526 429 2558 qui
449 2526 474 2551 in
490 2526 586 2551 divitiis
600 2530 670 2557 sunt,
687 2525 730 2558 qui
748 2524 792 2550 Dei
808 2524 875 2549 dona

97 2575 140 2596 aut
156 2577 186 2595 vx
204 2570 329 2603 injustitia
350 2570 457 2595 collecta
470 2591 475 2601 ,
494 2575 615 2602 tanquam
637 2569 751 2602 propria.
772 2573 798 2594 ct
821 2573 876 2593 tan-

96 2623 173 2647 quam
190 2615 210 2641 si
226 2623 253 2641 ca
269 2622 356 2640 sccutn
374 2614 440 2640 serre
456 2619 573 2647 possunt,
584 2614 770 2646 thesauriaant,
783 2617 808 2639 et
824 2620 875 2637 non

99 2661 168 2693 large
180 2660 269 2694 egenis
284 2660 415 2692 praebeam
431 2659 476 2685 s‹·d
493 2659 533 2684 illa
549 2659 683 2692 quaerebat
701 2666 757 2691 quzc
772 2665 876 2690 semper

99 2711 215 2737 manent,
227 2712 248 2733 et
263 2707 401 2738 aliquando
414 2714 464 2732 non
477 2705 638 2731 minuuntur.
651 2705 724 2731 Unde
736 2707 792 2731 sine
803 2713 876 2730 mcu-

98 2752 172 2777 dacio
188 2753 437 2785 repromissionibus
453 2760 502 2778 non
520 2756 557 2778 est
572 2751 715 2781 fraudatus,
732 2759 787 2784 quas
805 2758 875 2777 assc-

101 2801 199 2829 serant,
217 2804 247 2823 ex
260 2805 370 2830 persona
384 2797 438 2829 Dei,
455 2797 577 2831 quoniam
594 2796 634 2830 qui
652 2796 797 2830 glorificant
823 2804 874 2828 me,

928 2254 1032 2288 quidem
1049 2254 1134 2280 adbuc
1145 2255 1235 2281 vivens
1252 2255 1276 2280 in
1290 2262 1367 2281 carne
1382 2254 1459 2287 coepit
1478 2255 1631 2281 miracuium
1644 2275 1651 2286 ,
1664 2255 1709 2280 sed

929 2304 1066 2332 postquam
1084 2300 1205 2332 migravit
1220 2300 1251 2325 ad
1266 2300 1357 2331 Deum,
1371 2299 1522 2332 complex-it,
1536 2307 1623 2325 sermo
1638 2307 1705 2325 com-

929 2352 1074 2371 memorare
1089 2344 1207 2371 tentabit.
1221 2345 1312 2371 Mulier
1334 2344 1451 2378 quandam
1467 2344 1499 2370 de
1521 2352 1550 2370 ca
1575 2352 1632 2378 quae
1647 2351 1709 2370 san-

928 2394 997 2415 ctum
1015 2390 1121 2422 protulit
1143 2390 1250 2415 cixitate
1275 2389 1400 2420 existens,
1427 2397 1485 2415 cnm
1507 2389 1625 2415 audisset
1650 2397 1708 2415 euin

929 2436 1033 2461 venisse
1049 2442 1063 2460 a
1079 2435 1171 2461 Rhodo
1188 2434 1256 2468 (96),
1282 2440 1307 2461 ct
1326 2435 1446 2468 angelum
1467 2435 1490 2461 ei
1518 2435 1612 2461 ihidem
1630 2442 1709 2468 appa-

929 2480 1023 2510 ruisse,
1051 2484 1077 2505 et
1104 2479 1265 2506 vocationem
1282 2481 1313 2505 ad
1340 2488 1504 2506 communem
1523 2480 1660 2505 Dominum
1685 2481 1708 2506 ei

930 2525 1109 2556 denuntiasse,
1130 2532 1270 2558 peccamen
1297 2526 1481 2558 gravissimum
1498 2526 1521 2551 in
1538 2532 1567 2551 se
1582 2532 1711 2559 recogno-

930 2577 1016 2600 scens,
1031 2570 1100 2603 quod
1124 2577 1171 2596 nec
1184 2570 1287 2597 auditus
1312 2570 1445 2596 hominum
1462 2577 1537 2603 posse
1557 2570 1655 2596 intrare
1668 2567 1709 2594 af-

931 2616 1062 2648 firmabat,
1085 2616 1161 2641 tidem
1184 2616 1359 2649 inambiguam
1384 2623 1505 2647 sumens,
1531 2615 1562 2641 ad
1586 2620 1706 2641 sanctum

930 2661 1027 2687 cursim
1040 2661 1159 2693 pervenit
1171 2669 1176 2692 ;
1190 2665 1215 2686 ct
1227 2661 1307 2694 pedes
1318 2660 1373 2693 rjus
1388 2660 1625 2693 comprehendens,
1646 2665 1706 2684 cum

931 2705 1054 2738 lacrymis
1069 2705 1157 2730 multis
1172 2705 1312 2735 ctunmbn,
1328 2710 1352 2730 et
1368 2705 1458 2730 dicens
1475 2709 1577 2730 secreto
1591 2708 1705 2730 saneto:

932 2752 1080 2782 Peccatum,
1097 2758 1112 2775 o
1127 2755 1164 2776 ter
1181 2750 1267 2783 beate,
1280 2750 1363 2776 habeo
1377 2751 1482 2781 misera,
1498 2749 1566 2783 qnod
1581 2748 1611 2774 ad
1627 2754 1706 2774 auras

932 2795 1064 2822 hominum
1094 2795 1181 2821 vcnirc
1209 2803 1258 2821 uun
1290 2799 1383 2828 potest,
1409 2799 1434 2821 et
1449 2794 1501 2820 scio
1523 2792 1602 2826 quod,
1618 2792 1639 2819 si
1657 2792 1705 2823 vis,
