1842 3018
136 113 203 140 iot?

672 116 808 145 LEON'ru
831 118 849 144 N
857 119 975 147 ΕΑΙὈΗ
983 120 1060 147 ΤΛΧΙ
1085 122 1237 151 tituscol‘l

1697 133 1764 160 5648

142 171 233 197 iltusor
244 170 354 203 Christi,
371 181 422 200 non
436 174 559 200 emendas
576 180 599 201 te
614 175 645 201 ab
661 176 700 203 bis
716 178 837 210 nequitiis
854 179 922 204 tuis-‘l
936 177 962 206 A
976 178 1055 207 Gaza.
1072 185 1095 206 et
1111 182 1227 215 suscepit
1248 184 1369 210 cellulam
1393 186 1494 214 abbatis
1508 188 1593 216 Vitam
1608 192 1750 219 secundnm

139 217 187 248 Qui
214 216 280 243 dixit
303 217 335 242 ad
358 226 441 243 eum:
464 219 546 245 Crede
569 220 650 253 mihi,
679 222 791 255 accipies
815 224 918 256 alapam

139 268 152 285 a
170 270 212 288 me
225 262 326 292 humili,
346 267 373 289 ut
389 268 440 289 tota
453 264 611 292 Alexandria
627 268 762 301 colligatur
778 269 809 295 ad
822 270 920 296 clamo-

141 315 182 334 res
195 313 262 334 tuos.
279 309 398 336 Nondum
411 311 483 337 brevi
500 316 616 345 tempore
638 318 780 347 transm-to,
795 316 919 343 dormivit

140 359 199 378 cum
222 361 284 386 pace
307 355 331 380 in
353 356 445 382 cellula
467 365 512 384 sua
535 364 642 385 sanctus
662 360 781 392 vitalius,
812 364 918 389 nemine

139 397 238 424 sciente
252 399 368 426 omnino.
385 400 501 428 ilabebat
520 403 588 430 cuim
604 405 678 431 valde
694 405 815 439 pusillam
837 407 918 433 cettu-

140 443 201 473 tam,
217 450 294 476 super
311 444 396 471 locum
410 448 452 479 qni
472 448 566 474 dicitur
581 449 658 476 Porta
681 451 743 477 solis
758 451 825 485 (79).
843 452 916 480 Unde

138 491 165 512 et
179 487 342 522 plerumque,
359 498 418 516 cum
433 492 541 519 collecta
557 495 736 522 celebraretur
748 496 821 530 juxta
837 498 916 524 cellu-

138 532 189 559 lam
205 534 260 566 eius
279 534 304 560 in
319 537 429 563 ecelesia
451 538 538 566 Metra:
553 541 618 574 (80),
642 542 827 569 convenientes
842 552 915 578 qua:-

137 579 197 606 dam
218 581 430 609 muliercularum
448 585 548 613 harum.
565 587 596 612 ad
616 588 754 614 alterutras
776 590 914 617 dicebant:

137 626 242 660 Eamus,
259 636 359 661 eamnS,
375 630 469 656 iterum
491 632 569 657 abbas·
584 632 692 658 vitalius
707 635 843 661 collectam
866 636 914 661 ba-

137 673 187 698 lwt.
203 673 233 699 Et
244 675 409 701 venientibus
424 676 470 707 cis,
485 677 592 703 curabat
605 685 657 703 eas.
676 678 754 711 igitur
768 679 914 707 dormiente

134 726 176 748 en.
195 723 222 744 ιιι
244 721 397 752 praediemm
420 726 470 753 cst,
493 721 516 746 in
541 723 645 756 proptia
669 724 770 754 cellula,
796 728 822 750 et
843 725 914 751 nullo

134 765 242 795 sciente,
261 773 317 791 mox
338 765 444 799 quidam
471 767 573 794 daemon
597 773 718 802 tanquam
731 769 853 803 AEthiops
868 770 913 797 de-

133 809 233 840 formis,
251 815 317 836 astat
339 811 361 837 ri
381 812 424 845 qui
447 812 553 839 dederat
573 814 674 846 alapam
695 814 781 841 abbati
803 815 909 849 vitalio,

973 223 1061 255 iidem,
1083 231 1107 251 et
1131 226 1155 251 in
1177 233 1206 252 ea
1223 231 1364 261 permansit
1385 238 1467 265 usque
1481 234 1512 259 ad
1533 240 1643 262 mortem
1665 244 1749 264 suam.

971 268 1001 294 Et
1015 270 1194 298 sanctissimus
1213 274 1359 306 patriarcha
1385 278 1478 304 multas
1500 281 1598 312 gratias
1616 282 1670 316 egit
1686 283 1748 315 Deo,

969 321 1027 346 quia
1045 323 1094 342 non
1111 323 1228 349 permisit
1247 326 1306 346 eum
1324 328 1432 353 peccare
1448 323 1473 350 in
1490 332 1593 352 serrum
1616 334 1689 353 suum
1708 329 1748 354 Vi·

969 359 1068 386 talium.
1091 361 1164 388 Multi
1183 369 1269 390 autem
1293 366 1402 393 multum
1414 375 1444 394 cx
1464 373 1524 396 tunc
1545 371 1570 396 in
1589 372 1746 400 Alexandria

968 407 1121 439 prosuerunt
1141 409 1199 441 sibi,
1218 415 1243 436 et
1263 411 1376 446 hospitio
1399 415 1559 448 recipiebant
1584 420 1743 446 monachos:

968 456 995 479 et
1008 454 1183 481 monebantur
1205 460 1231 481 nt
1244 465 1293 483 non
1306 458 1527 488 condemnaretur
1546 463 1638 497 aliquis
1661 466 1693 491 ab
1708 467 1746 493 eis

967 499 1034 525 sicut
1048 505 1181 527 evenerat.
1195 502 1266 528 Fecit
1280 509 1366 530 autem
1382 510 1406 532 et
1423 506 1547 534 sanitates
1562 514 1618 542 post
1633 515 1743 537 mortem

968 542 1122 571 honorabile
1148 553 1242 573 nomen
1268 549 1350 574 sancti
1375 549 1465 576 vitalii
1489 558 1535 584 per
1557 553 1669 579 divinam
1689 562 1745 587 gra-

967 590 1027 616 tiam
1044 599 1049 616 :
1065 591 1139 624 cujus
1155 592 1315 620 orationibus
1340 595 1383 621 det
1407 595 1483 621 nobis
1500 596 1625 624 Dominus
1649 599 1743 626 bonam

965 636 1210 669 conversationem,
1232 643 1256 664 et
1280 639 1487 666 misericordiam
1510 641 1534 667 in
1555 642 1615 675 die,
1639 645 1743 677 quando

965 681 1145 709 manifestabit
1168 683 1321 711 abscondita
1349 685 1500 720 bominum,
1523 693 1550 715 ct
1571 689 1638 715 nuda
1664 690 1742 718 saciet

964 727 1071 753 consilia
1085 728 1203 754 cordium
1216 728 1241 763 (1
1254 729 1312 756 Cor.
1329 730 1376 763 tv).

999 772 1061 798 Car.
1084 772 1201 799 XXXVI.
1218 789 1251 794 —
1268 774 1426 810 Proeeipiens
1450 776 1591 811 aliquando
1610 776 1669 803 dari
1690 778 1743 804 cui-

963 818 1023 844 dam
1051 820 1146 852 petenti
1172 820 1378 855 eleemosynam,
1405 822 1495 849 decem
1517 830 1637 849 nummos
1659 831 1743 849 aereos

132 860 157 880 ct
172 854 216 880 dat
233 855 256 882 ei
270 856 383 889 alapam,
398 857 486 884 dicens
502 867 507 884 :
529 859 637 892 Suscipe
652 860 753 893 alapam
771 868 847 894 quam
864 863 911 888 mi-
928 859 950 886 B
965 871 1073 897 tantum,
1091 867 1212 893 convicia
1228 868 1261 893 ab
1280 876 1311 894 eo
1330 869 1477 902 patiebatur
1498 869 1524 895 in
1541 869 1606 895 facie
1620 870 1743 896 atrociter

131 900 162 925 sit
183 901 228 926 tibi
243 901 324 928 abbas
342 901 461 929 vitalius.
481 904 512 930 Et
527 905 638 936 cadens,
654 907 742 932 statim
759 907 837 939 coepit
851 915 912 940 spu·

132 953 212 972 mare.
235 947 399 982 Congrcgata
415 954 455 976 est
474 950 562 984 igitur¹
586 952 730 979 secundum
746 954 910 987 prophetiam

132 990 233 1023 vitalii,
257 1000 323 1026 pene
347 999 400 1020 tota
423 995 582 1023 Alexandria
611 997 636 1024 in
657 998 808 1025 violentiam
831 1007 908 1032 qnam

131 1036 277 1068 patiebatur
290 1046 303 1063 a
320 1038 458 1070 dammae:
475 1045 501 1067 et
515 1041 628 1069 maxime
641 1043 701 1076 qnia
712 1045 826 1070 sonitum
841 1045 908 1072 dane

129 1081 152 1108 ei
168 1083 250 1116 alapae
271 1084 410 1111 audierunt
426 1087 549 1120 quidam,
567 1089 639 1121 qnasi
659 1088 691 1114 ad
714 1090 790 1116 unius
812 1090 908 1123 jactum

129 1126 239 1160 sagium.
258 1128 319 1155 Post
334 1129 480 1164 aliquantas
497 1139 558 1158 vero
583 1131 661 1158 boras
685 1133 709 1159 in
731 1139 843 1160 montem
869 1143 910 1161 re-

128 1173 202 1198 diens
227 1175 247 1200 is
270 1175 313 1209 qni
335 1178 492 1210 patiebatur„
515 1179 593 1205 scidit
616 1180 770 1207 vestimenta
796 1183 908 1214 pectoris

127 1219 180 1249 sui,
207 1224 233 1245 et
256 1221 371 1247 cucurrit
393 1222 424 1248 ad
450 1223 590 1255 cellulam,
613 1225 731 1251 clamans
751 1231 777 1252 ct
797 1226 906 1253 dicens:

125 1263 234 1298 Culpam
259 1266 307 1292 feci
334 1267 389 1299 tihi,
415 1275 489 1295 serve
514 1269 559 1296 Dei
584 1270 671 1303 Vitali,
697 1271 821 1298 miserere
845 1273 905 1299 mei.

126 1309 304 1339 Cucurrerunt
324 1321 386 1340 vero
406 1322 465 1342 cnm
497 1323 529 1342 eo
555 1324 648 1344 onmes
672 1317 818 1345 audientes.
842 1318 906 1345 Cum

125 1357 286 1388 pervenisset
309 1359 340 1385 ad
357 1360 478 1386 cellulam
496 1362 589 1393 sancti,
614 1362 676 1388 exiit
699 1363 793 1388 iterum
809 1363 906 1389 doemo-

125 1402 212 1435 nium,
232 1403 334 1437 jactans
354 1413 413 1431 eum
430 1407 551 1433 omnibus
571 1407 768 1441 aspicientibus.
791 1408 824 1435 Et
846 1417 904 1435 cum

124 1448 323 1482 ingrederentur
347 1452 415 1478 intro
434 1453 458 1478 hi
479 1454 522 1486 qui
545 1461 603 1479 cum
620 1462 651 1480 eo
667 1460 848 1488 cucurrerunt,
867 1456 904 1482 in·

123 1500 251 1521 venerunt
266 1502 384 1523 sanctum
401 1503 513 1524 stantem
528 1498 552 1524 in
566 1500 694 1532 geniculis
707 1501 770 1534 suis,
787 1505 811 1527 ct
827 1508 905 1527 oran-

123 1545 186 1571 tem.
200 1546 227 1567 et
239 1541 354 1568 animam
371 1543 481 1570 Domino
497 1545 655 1576 tradentem,
672 1550 697 1571 et
713 1545 738 1572 in
756 1547 904 1578 pavimento

123 1586 278 1619 scripturam
295 1587 463 1620 hujusmodi:
485 1588 726 1623 t'iriAtcxsmzlrini,
751 1591 827 1617 nolite
850 1597 906 1618 ante

122 1636 219 1664 tempus
240 1632 335 1665 aliquid
354 1634 483 1668 judicare,
505 1636 668 1668 quoadusque
689 1637 769 1662 veniat
783 1636 905 1662 Dominus

122 1675 145 1702 11
160 1675 217 1703 Cor.
236 1679 282 1711 tv).
298 1678 476 1705 Confitebatnr
492 1687 554 1706 vero
575 1685 601 1707 et
615 1681 704 1713 homo,
718 1682 759 1714 qui
776 1690 789 1707 a
805 1681 904 1708 ‹laento-

121 1723 163 1747 nio
183 1724 336 1753 vexabatur,
354 1725 421 1757 qnod
445 1731 536 1752 sancto
555 1726 662 1759 fecerat,
679 1732 704 1753 et
719 1729 787 1761 qnod
802 1729 906 1755 dixerat

121 1773 226 1795 sanc-tus
247 1769 282 1796 ei.
319 1770 436 1797 Recitata
465 1777 525 1798 sunt
546 1780 610 1806 ergo
634 1773 785 1800 beatissimo
809 1775 902 1801 Joanni

122 1814 276 1844 patriarchae
300 1815 386 1841 onmia
402 1823 458 1849 quat
483 1817 551 1843 circa
574 1823 693 1844 sanctum
707 1819 830 1845 N'i'alium
847 1825 903 1846 acti

121 1863 196 1890 snnt;
221 1864 246 1885 et
271 1859 434 1888 descendens
459 1869 516 1888 cum
538 1862 627 1895 clero,
655 1864 726 1890 venit
752 1865 783 1890 ad
808 1872 905 1898 corpus

120 1906 203 1930 sancti
229 1905 332 1937 walin
364 1911 391 1932 et
418 1915 475 1933 cnm
499 1908 609 1934 vidisset
632 1910 903 1943 superscriptionem‚

121 1950 185 1976 dixit
204 1957 209 1976 τ
230 1950 294 1977 Vere
311 1951 377 1977 hanc
399 1952 504 1978 humilis
519 1952 634 1980 Joannes
649 1962 694 1987 per
713 1955 794 1981 Deum
810 1958 903 1988 evasit,

122 2002 179 2021 nam
200 1996 300 2029 alapam
324 2004 400 2029 quam
423 1998 524 2031 accepit
548 2000 591 2032 qui
618 2001 714 2034 patitur
736 2008 784 2034 ego
803 2002 906 2035 accipe·

121 2048 187 2067 rem.

156 2086 229 2113 Tune
254 2090 340 2123 itaque
365 2097 455 2116 omnes
477 2090 635 2123 fornicariae,
653 2095 749 2125 etquae
774 2092 905 2117 abrenun-

121 2132 249 2158 tiaverunt
269 2141 300 2159 ex
316 2135 366 2166 eis,
382 2139 408 2161 ct
423 2135 494 2161 viins
508 2141 689 2169 susceperant,
706 2144 764 2162 cnm
781 2136 864 2162 cereis
878 2141 905 2163 et

122 2177 285 2210 lampadibus
301 2180 429 2212 pra=ibant
444 2187 504 2206 enm
524 2181 627 2212 flentes,
642 2185 668 2207 et
680 2181 798 2207 dieentes
814 2189 820 2207 z
839 2180 901 2208 l’er-

963 911 1007 937 il'e
1022 912 1124 943 beatuS,
1138 913 1197 945 qnia
1218 920 1270 938 non
1285 913 1392 939 dederat
1413 915 1435 940 ei
1449 918 1576 948 quotquot
1589 914 1679 940 voluit.
1697 914 1742 941 llis

963 963 1049 982 autem
1064 957 1108 990 qni
1131 957 1164 983 de
1179 958 1306 992 obsequio
1331 964 1416 992 erant,
1439 959 1616 992 quaerentibus
1641 959 1742 985 caedere

962 1009 1020 1029 euin
1036 1003 1078 1036 qui
1104 1004 1308 1035 conviciabatur,
1333 1005 1477 1038 increpavit
1500 1013 1546 1031 ecs
1570 1005 1741 1031 vehementer

962 1049 1108 1082 patriarcha
1123 1070 1129 1081 ,
1152 1049 1242 1075 dicens
1267 1058 1272 1074 :
1298 1050 1381 1077 Sinite
1413 1058 1484 1081 eum,
1504 1049 1599 1076 fratres
1623 1057 1629 1076 z
1656 1049 1741 1075 habeo

963 1097 1014 1123 ego
1049 1093 1186 1128 sexaginta
1224 1102 1309 1121 annos
1323 1115 1329 1126 ,
1395 1095 1582 1128 blasphemans
1603 1102 1647 1128 per
1661 1101 1740 1128 opera

960 1146 1018 1165 mea
1034 1139 1183 1171 Christum,
1200 1143 1225 1165 ct
1248 1147 1326 1165 unum
1343 1140 1489 1166 convicium
1511 1148 1561 1166 non
1576 1139 1684 1173 portabo
1703 1138 1737 1165 ab

961 1184 1028 1210 isto?
1049 1184 1081 1210 Et
1095 1185 1218 1218 praeccpit
1234 1185 1318 1211 datori
1343 1186 1445 1212 solvere
1461 1186 1605 1218 sacculum,
1626 1190 1654 1211 ut
1668 1185 1739 1211 sine-

960 1234 999 1256 ret
1015 1237 1154 1264 pauperem
1171 1231 1264 1257 tollere
1279 1236 1404 1264 quantum
1421 1232 1497 1258 vellet
1511 1231 1632 1264 pretium.

994 1276 1056 1302 Cap.
1075 1276 1205 1302 xxxvtt.
1221 1277 1247 1302 Si
1265 1284 1325 1302 vero
1337 1277 1477 1309 aliquando
1492 1276 1616 1302 audiebat
1628 1275 1734 1308 sapien-

958 1322 1086 1354 tissimus,
1102 1322 1226 1355 qnoniam
1241 1322 1452 1356 eleemosynator
1466 1326 1506 1348 est
1535 1321 1604 1353 talis,
1620 1320 1736 1347 adduce-

959 1367 1001 1393 bat
1022 1375 1082 1393 eum
1108 1367 1133 1393 in
1157 1367 1287 1393 hilaritate
1302 1374 1431 1398 seorsum,
1448 1371 1473 1392 et
1488 1366 1590 1392 dicebat
1605 1367 1627 1392 ei
1641 1375 1647 1391 ι
1664 1366 1736 1396 Onn-

958 1411 1035 1437 modo
1049 1411 1131 1438 sactus
1140 1419 1167 1437 es
1176 1412 1402 1445 eleemosynator?
1411 1412 1573 1443 naturaliter,
1581 1419 1612 1437 an
1625 1411 1737 1444 teipsum

958 1457 1086 1483 violenter
1102 1457 1216 1490 cogens?
1234 1457 1307 1483 Unde
1322 1457 1427 1490 quidam
1454 1457 1498 1490 qni
1513 1457 1545 1483 ab
1567 1465 1598 1483 eo
1624 1457 1738 1484 interro-

957 1502 1084 1535 gabantur
1095 1523 1102 1533 ,
1120 1501 1299 1534 verecundati,
1311 1502 1477 1528 occultabant
1492 1502 1613 1536 quidem,
1631 1503 1737 1535 quidam

919 1538 941 1568 C
959 1552 1046 1573 autem
1063 1547 1185 1573 dicebant
1201 1547 1235 1572 ci.
1264 1547 1374 1580 Propter
1390 1548 1457 1580 quod
1473 1555 1538 1573 imus
1565 1548 1739 1582 interrogatus

958 1601 971 1618 a
986 1598 1087 1624 sancto,
1103 1592 1238 1625 respondit
1263 1593 1296 1618 ita
1310 1600 1316 1618 :
1344 1593 1430 1619 Crede
1458 1593 1532 1624 inihi,
1548 1593 1663 1623 domine,
1679 1593 1737 1626 quia

959 1638 1001 1663 nih
1015 1637 1023 1663 l
1035 1637 1068 1662 do
1080 1641 1124 1662 aut
1139 1636 1207 1662 facio
1222 1636 1298 1668 boni;
1315 1640 1495 1662 verumtamen
1513 1636 1597 1670 ipsum
1613 1636 1682 1670 quod
1695 1636 1734 1662 sa-

958 1683 999 1709 cio
1014 1687 1040 1708 et
1068 1681 1181 1715 przrbeo,
1196 1689 1228 1707 ex
1251 1681 1345 1714 quibus
1373 1681 1441 1706 Deus
1469 1687 1495 1707 et
1521 1681 1653 1707 orationes
1685 1686 1735 1706 tuae

959 1728 1114 1762 largiuntur,
1125 1727 1158 1752 ita
1171 1726 1256 1752 facere
1265 1726 1377 1752 assuevi.
1397 1726 1472 1752 Eram
1487 1726 1557 1759 prius
1565 1726 1639 1751 valde
1651 1726 1737 1751 immi·

958 1774 1071 1799 sericors
1093 1776 1120 1798 et
1143 1772 1266 1803 crudelis,
1283 1776 1309 1797 et
1341 1771 1421 1797 semel
1439 1772 1532 1796 damna
1558 1771 1737 1804 pe1·tuli‚etin

958 1819 1127 1845 subtilitatem
1161 1818 1252 1844 deveni
1272 1827 1278 1844 z
1308 1819 1386 1850 coepit
1411 1818 1533 1850 cogitatio
1562 1824 1618 1842 mea
1649 1817 1738 1842 dicere

959 1865 1021 1891 mibi
1039 1874 1044 1891 :
1062 1864 1127 1891 Vere
1144 1865 1164 1891 si
1181 1871 1251 1890 esses
1266 1864 1486 1898 eleemosynator,
1504 1871 1554 1889 non
1577 1863 1735 1896 relinqueret

959 1917 983 1938 te
996 1912 1072 1938 Deus.
1087 1911 1172 1938 statut
1195 1918 1257 1944 ergo
1273 1918 1319 1943 per
1336 1909 1453 1943 singulos
1477 1909 1532 1935 dies
1546 1910 1607 1935 darc
1623 1910 1737 1942 quinque

958 1964 1040 1983 aereos
1052 1964 1172 1982 mnnmos
1189 1956 1365 1989 pauperibus;
1382 1959 1476 1981 etcum
1499 1954 1636 1987 coepissem
1662 1955 1736 1984 dare,

957 2003 1045 2029 statim
1060 2002 1170 2029 Satanas
1184 2001 1338 2034 prohibebat
1350 2008 1399 2032 me,
1418 2000 1507 2025 dicens
1521 2008 1526 2024 :
1543 1999 1608 2025 Vere
1622 1999 1737 2032 quinque

959 2049 1059 2075 minimi
1085 2047 1128 2074 isti
1156 2046 1291 2072 sufiiciunt
1308 2046 1396 2072 domui
1424 2045 1456 2071 ad
1477 2045 1558 2077 olera,
1574 2050 1617 2070 aut
1633 2044 1664 2070 ad
1681 2044 1736 2070 hal-

959 2101 1035 2119 neum
1066 2091 1281 2126 percipiendam
1312 2095 1338 2117 et
1371 2091 1468 2121 statim,
1500 2094 1624 2123 tanquam
1657 2089 1678 2115 si
1706 2089 1737 2115 de

959 2139 1078 2164 saucibus
1102 2143 1222 2163 natorum
1262 2143 1380 2162 meorum
1416 2135 1543 2168 privarem
1570 2141 1616 2160 eos
1632 2154 1638 2165 ,
1671 2134 1734 2160 nihil

957 2183 1063 2210 dabam.
1077 2183 1140 2209 (jum
1156 2189 1218 2215 ergo
1241 2181 1364 2207 vidissem
1389 2179 1457 2212 quod
1480 2186 1620 2212 superarer
1635 2186 1648 2204 a
1661 2179 1733 2210 vitio,

121 2222 234 2249 didimus
259 2224 368 2250 salutem
390 2230 505 2251 nostram
523 2230 548 2252 et
564 2226 721 2253 doctrinam.
740 2227 904 2254 Enarrabant
920 2223 943 2252 D
957 2228 1015 2254 dico
1042 2234 1123 2260 puero
1152 2234 1210 2252 meo
1226 2234 1232 2251 t
1247 2225 1295 2251 Per
1316 2224 1431 2258 singulos
1448 2224 1503 2249 dies
1531 2224 1628 2255 furare,
1642 2230 1738 2249 mene-

120 2270 189 2295 enim
201 2270 252 2302 jam
270 2272 496 2298 conversationem
512 2273 569 2305 ejus
581 2274 715 2305 omuibus,
726 2278 762 2306 et,
773 2272 902 2305 Quoniam

122 2322 173 2340 non
203 2321 308 2349 propter
339 2321 441 2349 turpem
478 2325 532 2343 rem
566 2319 597 2342 ad
630 2325 676 2343 nos
711 2318 843 2349 intrabam
878 2323 903 2344 ct

120 2360 180 2392 quta
203 2369 333 2394 {uinquam
354 2357 496 2396 aliquando
519 2362 631 2388 vidimus
651 2371 710 2389 enm
733 2371 811 2396 super
834 2363 902 2389 latus

111 2405 309 2439 dormientem,
336 2412 380 2433 aut
403 2415 480 2433 uuam
507 2416 538 2433 cx
565 2408 640 2433 nohis
666 2413 797 2434 tenentem
823 2416 902 2434 manu

121 2458 175 2476 sua.
197 2452 227 2476 {it
243 2453 496 2485 reprehendentibus
519 2463 562 2480 eas
578 2455 734 2488 quibudam
753 2459 780 2480 et
793 2455 902 2481 dicenti-

122 2497 171 2524 bus
187 2506 192 2523 :
207 2498 292 2530 Quare
307 2498 362 2524 baec
377 2507 428 2525 nnn
444 2501 564 2526 omnihus
576 2501 716 2531 dicebatis,
730 2500 774 2526 sed
790 2500 902 2525 scanda-

122 2543 250 2569 lizabatur
268 2544 292 2569 in
313 2551 344 2568 co
366 2549 417 2569 tota
441 2545 551 2570 civitas?
567 2545 788 2578 enarrabantjam
803 2545 902 2578 capitu-

122 2589 185 2620 lum,
208 2589 275 2621 quod
301 2589 369 2614 ‹rin-a
394 2598 450 2615 eam
475 2596 576 2622 gestum
593 2595 642 2621 est,
659 2598 716 2623 qum
741 2598 754 2615 a
771 2590 902 2615 ‹bemonio

118 2635 286 2660 *vexationem
309 2634 440 2665 sustinuit,
458 2640 483 2659 et
501 2634 625 2667 quiahoc
651 2636 773 2661 tinwntes
797 2635 903 2660 taceba-

121 2686 189 2705 mus.
204 2679 310 2712 sepulto
329 2687 392 2711 ergo
407 2687 438 2705 eo
457 2679 480 2704 in
498 2679 580 2704 multo
596 2679 704 2708 honore.
723 2680 864 2712 perinansit
881 2679 902 2704 is

122 2725 165 2755 uui
181 2723 214 2749 ab
226 2731 258 2750 eo
269 2728 406 2750 correctus
421 2728 446 2749 et
462 2732 540 2749 sanus
557 2723 640 2749 sactus
657 2728 712 2754 est,
731 2724 827 2749 taciens
845 2732 902 2749 me-

120 2767 233 2795 moriam
248 2768 315 2803 ejus.
333 2769 500 2795 Postmodum
525 2774 611 2795 autem
630 2773 656 2794 ct
681 2769 839 2794 renuntiavit
854 2777 904 2795 sae-

112 2815 190 2846 ¹culo,
221 2815 353 2849 ingressus
376 2816 564 2843 monasterium
588 2815 688 2843 abbatis
713 2814 850 2842 Seridonis
876 2815 900 2842 in

956 2274 1065 2304 sciente,
1078 2272 1194 2306 quinque
1217 2277 1350 2301 nummos,
1363 2273 1389 2296 et
1403 2268 1435 2294 da
1451 2268 1656 2302 eleemosynam.
1672 2267 1736 2294 Sum

955 2326 1004 2352 ego
1029 2318 1098 2344 enim
1124 2316 1259 2349 trapezita,
1285 2314 1400 2341 domine.
1420 2313 1464 2340 llle
1479 2321 1542 2340 vero
1559 2313 1736 2343 benefaciens,

955 2365 1035 2399 coepit
1050 2364 1129 2391 furari
1145 2363 1227 2389 denos
1241 2361 1307 2397 (81).
1327 2361 1389 2387 Erat
1401 2365 1489 2386 autem
1514 2359 1619 2394 quando
1640 2364 1666 2386 et
1681 2359 1735 2386 sili-

955 2419 1042 2444 quam.
1068 2409 1134 2436 Cum
1153 2416 1216 2441 ergo
1229 2407 1338 2433 vidisset
1364 2406 1425 2440 quia
1455 2405 1675 2431 benedicebamur
1688 2424 1695 2436 ‚
1710 2408 1737 2430 et

955 2455 1051 2481 divitiis
1072 2453 1268 2480 abundabamus
1280 2472 1287 2484 ,
1305 2451 1384 2484 coepit
1410 2455 1435 2477 et
1462 2450 1596 2476 tremisses
1609 2449 1738 2481 furari,et

955 2502 1026 2527 dare.
1038 2499 1122 2526 Semel
1132 2499 1218 2531 itaque
1225 2496 1357 2523 admirans
1365 2494 1559 2521 benedictiones
1568 2493 1623 2525 Dei,
1632 2493 1685 2519 dixi
1693 2493 1733 2518 ei:

955 2546 1023 2571 Vere
1045 2544 1153 2570 multum
1178 2542 1341 2577 prosuerunt,
1368 2540 1415 2574 ssti,
1439 2540 1552 2574 quinque
1575 2538 1674 2564 nummi
1689 2537 1734 2568 illi,

956 2592 1014 2617 volo
1030 2597 1092 2623 ergo
1108 2594 1134 2615 ut
1148 2590 1195 2614 des
1210 2589 1312 2614 decem.
1329 2586 1403 2612 Tunc
1415 2585 1478 2611 dicit
1490 2585 1552 2611 mihi
1566 2589 1592 2610 et
1607 2591 1671 2617 puer
1693 2590 1735 2608 su—

957 2638 1084 2664 bridendo
1101 2645 1107 2662 ι
1125 2635 1206 2665 Vade,
1221 2642 1267 2660 ora
1291 2633 1366 2659 furtis
1386 2633 1461 2658 ineis,
1488 2631 1551 2657 Nam
1575 2639 1635 2657 vere
1659 2629 1736 2656 hodie

956 2691 1007 2708 non
1024 2682 1181 2706 haberemus
1195 2687 1272 2713 quem
1287 2677 1518 2704 manducassemus
1531 2683 1635 2709 panem.
1645 2675 1696 2701 Sed
1712 2673 1734 2699 si

955 2733 995 2754 est
1019 2727 1058 2752 tar
1080 2727 1176 2760 justus,
1193 2733 1241 2758 ego
1257 2731 1325 2750 snm.
1341 2723 1414 2749 Tuuo
1427 2730 1490 2755 ergo
1513 2721 1593 2752 dixit,
1610 2721 1733 2754 quoniam

956 2772 1087 2798 tremissia
1102 2771 1181 2796 dabat
1205 2774 1230 2795 ct
1243 2769 1355 2802 siliquas
1377 2768 1466 2798 etiam,
1483 2774 1514 2792 ex
1532 2766 1581 2792 tide
1597 2766 1676 2797 illius,
1693 2772 1736 2791 as-

956 2817 1040 2848 suevi,
1053 2817 1169 2845 domnio.
1186 2815 1218 2842 de
1232 2814 1320 2841 ειιιιιιιο
1335 2813 1407 2840 dare.
1423 2811 1578 2840 AEdificatus
1600 2818 1662 2846 ergo
1675 2817 1734 2837 san.-
