1842 3018
105 104 170 133 tem

100 173 175 204 putes
190 168 214 195 id
227 166 291 194 nutu
308 166 458 199 indulgere3
480 165 544 191 dixit
559 167 628 192 enim
643 166 716 191 vobis
733 165 856 191 Dominus
873 174 877 190 z

100 214 229 247 Quoniam
244 219 407 247 quoeeunqiie
429 211 560 237 solveritis
580 218 658 244 super
674 215 779 240 terrain.
801 215 880 236 erunt.

101 258 197 289 soluta,
213 258 278 284 etin
294 256 386 287 coelis;
414 260 439 282 it
462 263 625 289 quaecunque
646 255 787 288 ligaveritis
803 262 880 288 super

102 307 210 333 terram,
227 307 305 329 erunt
332 302 408 335 ligata
433 306 459 327 et
481 301 505 326 in
527 301 600 326 euslis
623 300 728 333 (Manli.
751 300 880 331 xviii);ct

99 355 210 382 quorum
227 347 382 374 remiseritis
394 351 511 380 peecata,
528 347 695 372 remittuntur
707 346 761 377 eis;
779 351 803 372 et
816 353 880 378 quo-

100 400 159 420 rum
175 392 349 423 retinueritis,
366 395 467 418 retenta
483 395 543 417 suut
557 391 646 421 (Joan.
662 391 718 423 xx).
730 390 789 416 llaec
801 389 881 417 verba

99 437 209 464 audiens
225 445 238 462 a
255 437 365 463 muliere
382 440 498 467 sanetus,
515 441 540 462 et
567 437 671 467 timens,
689 435 710 461 si
728 435 878 468 petitionem

99 481 156 516 ejus
166 481 304 514 refutaret,
315 481 411 507 noxius
423 482 479 513 ejus
488 481 609 507 tormenti
622 481 706 513 lieret,
717 481 777 506 dum
791 486 879 514 posset

99 527 206 553 liberari
220 534 233 552 a
249 527 352 560 proprio
365 531 471 560 pet-cato
498 534 544 559 per
561 526 638 552 fidem
664 533 741 559 quam
767 526 879 552 habebat

100 573 125 599 in
137 581 208 605 etun,
226 573 288 599 dicit
303 573 334 599 ad
349 580 406 599 cam
427 572 561 599 humiliter
577 582 582 599 :
597 574 623 599 Si
639 573 729 606 utique
750 573 846 605 (τεαῖς,
863 580 878 599 ο

102 618 205 649 mulier,
220 617 284 649 Deo,
297 618 365 652 quod
379 626 424 651 per
438 618 618 644 infelicitatem
631 625 715 643 meam
731 619 879 651 ignoscatir

99 662 144 688 tihi
156 663 256 689 mimi—n
267 663 334 695 quod
349 663 425 695 dii-is,
438 663 564 689 confitere
577 663 639 688 mihi
652 663 711 689 hoc.
722 664 785 695 Qua:
797 664 876 689 dixit:

98 707 154 734 Nou
169 715 286 741 possum.
302 707 417 739 domine,
434 708 523 734 dicere
546 708 581 738 id„
609 716 692 741 neque
708 708 777 734 enim
795 713 879 741 potest

97 753 202 778 auditus
220 752 355 778 hominum
369 757 472 786 portare
488 752 561 779 illud.
578 753 644 779 Dicit
656 753 687 778 ad
711 760 767 779 eam
783 753 877 780 iterum

96 802 202 824 sanetus
219 806 224 823 :
242 798 274 823 Et
301 798 323 824 si
341 797 484 830 erubescis,
514 798 579 824 vade
603 802 630 824 ct
653 799 739 824 scribe
765 798 838 830 illud,
855 799 875 825 si

98 844 165 870 nosti
189 844 300 874 litteras,
325 847 351 870 ct
374 843 412 869 fer
438 843 512 869 mihi.
529 843 573 869 llla
601 844 695 870 iteruin
720 846 875 878 respondit:

99 887 177 919 Vere,
193 888 309 920 domine,
327 896 378 914 non
395 896 512 921 possum.
529 889 690 921 Exspectans
709 897 772 922 ergo
791 890 872 915 mndi-

98 939 157 958 cum
170 932 231 966 quid
247 938 345 964 tacens,
362 933 425 959 dixit
441 933 463 959 ei
478 942 483 959 :
499 933 554 959 Nou
571 938 642 966 potes
653 935 768 960 scrihere
782 939 808 960 et
821 935 877 960 bul-

97 978 161 1009 lare,
174 983 200 1004 et
211 978 306 1005 afferre
322 979 385 1004 mihi
401 979 411 1004 ’ἒ
428 979 501 1005 Tunc
516 978 578 1004 dixit
593 979 635 1006 ei:
654 979 772 1010 Possum,
790 980 875 1005 donii-

97 1031 141 1055 ηε,
159 1024 208 1049 hoc
225 1024 302 1055 facio,
325 1032 419 1057 rogans
442 1024 621 1051 honorabilem
648 1030 674 1051 ‹=t
699 1026 875 1058 coangeliiam

96 1069 209 1094 animam
227 1073 298 1095 tuam
318 1077 351 1095 ne
377 1070 505 1100 solvatur,
533 1077 616 1103 neque
639 1070 692 1095 ullo
708 1070 785 1095 modo
806 1070 876 1096 inve-

98 1112 184 1138 niatur
195 1120 209 1139 a
231 1114 345 1147 quolibet
359 1114 493 1147 pittacium
512 1115 567 1148 (07)
584 1114 632 1140 hoc
647 1115 796 1147 aliquando.
811 1115 871 1141 Vei·-

96 1157 157 1184 bum
174 1158 251 1192 igitur
267 1159 399 1192 accipiens
415 1167 428 1185 a
449 1160 501 1186 Deo
525 1160 685 1186 honorabilis
697 1160 765 1194 quod
792 1160 877 1186 nullus

96 1201 176 1228 homo
200 1203 316 1229 solveret
340 1208 385 1229 aut
415 1205 513 1238 legeret
537 1204 595 1238 ejus
612 1205 759 1238 pittacium,
787 1205 877 1232 abiens

96 1247 202 1281 scripsit
215 1248 319 1281 propria
331 1256 409 1275 manu
429 1255 575 1282 peccatum,
592 1254 619 1276 et
641 1250 742 1276 bullans
767 1251 878 1283 portavit

98 1293 186 1320 beato.
199 1294 351 1328 Suscipiens
367 1302 429 1329 ergo
443 1300 549 1322 sanetus
565 1296 711 1329 pittatium,
730 1300 787 1328 post
802 1296 878 1329 quin-

96 1346 148 1373 que
161 1339 218 1366 dies
231 1339 264 1365 ad
282 1340 419 1366 Dominum
444 1341 577 1373 profectus
593 1344 643 1372 est,
660 1340 758 1366 nemini
781 1340 877 1373 aliquid

96 1384 130 1411 de
144 1385 295 1418 hujusmodi
325 1385 431 1418 pittacio
453 1391 496 1412 aiit
510 1386 665 1419 disponens,
681 1389 726 1411 aut
748 1385 877 1411 indicans.

97 1424 190 1457 Mulier
205 1430 294 1464 itaque
311 1431 429 1462 fortuitu,
453 1431 505 1458 imo
526 1431 722 1465 dispensatione
746 1431 802 1461 Dei,
826 1438 849 1456 ni
862 1437 878 1456 n

97 1476 213 1501 existens
240 1475 265 1502 iu
282 1476 387 1502 civitate
401 1476 444 1502 die
458 1475 484 1502 in
497 1483 547 1510 qiia
561 1476 706 1502 translatus
717 1476 791 1502 estin
814 1482 877 1508 pace

97 1522 130 1548 de
143 1522 240 1548 saecuto
255 1522 305 1548 isto
325 1522 356 1548 ad
370 1521 439 1548 aliud
455 1521 613 1555 patriarcha,
629 1521 734 1548 volente
750 1525 774 1547 et
789 1521 813 1546 iu
830 1521 879 1546 hoe

97 1566 278 1593 demonstrare
303 1567 357 1593 Deo
380 1571 503 1601 quantam
528 1565 596 1600 apud
611 1573 682 1598 eum,
700 1570 789 1599 utpote
816 1573 878 1599 pro-

97 1613 171 1646 prius
185 1612 307 1644 famulus,
330 1613 450 1638 fiduci-im
470 1612 630 1646 possidebat.
650 1611 701 1638 Sed
723 1615 783 1645 post
802 1618 878 1637 unam

97 1657 167 1684 diem
185 1657 376 1684 reconditionis
396 1657 502 1691 pretiosi
524 1657 582 1690 ejus
609 1657 701 1690 lipsani
722 1656 779 1692 (98)
801 1657 879 1682 adve-

97 1701 181 1731 niens,
197 1709 257 1728 cuin
274 1702 389 1729 audisset
400 1701 584 1728 dormitionem
604 1701 671 1734 ejus,
684 1708 775 1727 amens
789 1704 815 1727 et
830 1701 879 1726 dc-

96 1745 194 1779 sipiens
210 1746 399 1779 propemodum
420 1745 486 1772 facta
507 1750 556 1777 est,
573 1745 728 1772 existimans
743 1745 877 1778 pittacium

97 1791 165 1825 qnod
176 1790 296 1823 dederat,
309 1791 334 1817 in
348 1791 482 1825 episcopio
497 1792 628 1823 relictum,
644 1791 767 1818 omnibus
782 1791 879 1816 faceret

96 1836 199 1870 culpam
215 1836 272 1869 ejus
287 1836 462 1862 manifestam.
478 1836 537 1862 Cito
548 1843 611 1870 ergo
625 1836 754 1865 resiliens.
769 1841 795 1869 et
810 1835 876 1868 prio-

98 1888 153 1906 rem
170 1880 247 1906 tidem
263 1887 336 1906 suam
358 1879 555 1906 indubitabilem
578 1887 657 1914 super
673 1880 788 1906 animam
806 1887 878 1906 resu-

97 1932 182 1957 mens,
195 1932 281 1951 arcam
297 1932 310 1950 a
329 1924 381 1951 Deo
403 1924 522 1951 honorati
544 1924 733 1959 appreliendit;
754 1930 790 1957 et,
811 1925 878 1950 sicut.

97 1970 193 1996 viventi
206 1970 229 1996 ei
253 1971 393 2001 veraciter,
414 1971 448 1996 ita
475 1970 578 1997 turbata
595 1970 748 2004 perhibebat
766 1978 772 1996 z
795 1969 877 1995 llomo

97 2014 155 2046 Dei,
171 2014 217 2041 tibi
230 2014 280 2041 hoc
300 2019 435 2048 peccatum
455 2023 507 2041 non
524 2015 594 2049 potui
608 2022 743 2046 enarrare,
761 2022 792 2041 eo
807 2014 876 2048 quod

97 2066 176 2092 supra
191 2059 296 2085 modum
314 2060 441 2086 existeret
455 2067 545 2094 grave.
562 2064 587 2087 et
599 2067 660 2086 ecce
676 2067 744 2086 nunc
756 2059 877 2086 omnibus

97 2104 192 2130 factum
207 2109 247 2131 est
261 2104 367 2131 forsitan
383 2104 548 2131 manifestum
570 2109 596 2131 et
608 2104 739 2138 cognitum
755 2113 761 2136 ;
778 2105 876 2130 utinam

97 2156 149 2176 non
165 2149 211 2175 tibi
226 2157 279 2176 rem
296 2157 380 2176 meam
395 2149 614 2176 manifestassem.
633 2149 687 2176 lleii
701 2150 707 2175 Ξ
726 2150 775 2175 heu
792 2149 853 2174 mihi
868 2150 873 2175 !

98 2198 191 2227 putans
206 2194 367 2220 confusionis
391 2194 584 2221 absolutionem
611 2194 738 2226 ini-entre,
756 2193 874 2220 confusio

97 2238 219 2264 omnihus
232 2239 297 2265 facta
311 2246 385 2270 sum;
398 2246 445 2272 pro
459 2239 561 2266 medela
574 2239 760 2272 blasphemiam
776 2239 874 2272 recepi.

97 2282 164 2315 Quid
176 2283 238 2309 mihi
253 2283 284 2309 ad
301 2288 326 2309 te
349 2291 413 2317 opus
427 2287 482 2309 erat
496 2287 626 2309 secretum
641 2283 735 2308 animae
754 2290 819 2309 meae
831 2290 875 2316 pa-

97 2326 231 2353 tefacere?
244 2327 341 2354 Tamen
356 2336 407 2354 non
423 2328 541 2354 deficiam
557 2334 640 2361 neque
651 2326 706 2353 difti
719 2329 778 2356 lam.
790 2334 874 2358 neque

96 2373 238 2399 removebo
250 2381 263 2398 a
280 2373 379 2400 tumulo
393 2374 530 2407 laci-ymas,
547 2380 628 2405 usqua
643 2373 703 2398 dum
718 2371 874 2398 satisfactio-

96 2424 155 2442 nem
169 2417 201 2443 de
223 2418 347 2450 petitione
368 2425 424 2443 mea
440 2424 576 2450 accepero.
602 2416 690 2450 Neque
712 2416 781 2442 enim
806 2424 874 2442 mor-

96 2465 155 2488 tiius
169 2469 208 2493 es,
234 2467 324 2489 sancte
348 2463 405 2495 Dei,
428 2463 474 2488 sed
491 2462 565 2488 vivis.
588 2461 717 2494 Scriptum
741 2466 781 2487 est
805 2461 873 2487 enim

95 2506 153 2539 quia
165 2505 230 2540 justi
246 2507 269 2532 in
287 2511 440 2540 perpetuum
456 2507 542 2533 vivent
568 2506 644 2540 (Sap.
661 2506 697 2539 v).
725 2507 873 2539 lterumque

95 2551 186 2577 eadem
203 2551 279 2577 verba
296 2559 443 2584 assumens,
458 2551 579 2577 dicebat:
605 2551 684 2582 N.hil,
713 2551 791 2577 hoino
816 2551 871 2582 Dei,

95 2599 155 2628 peto
167 2602 184 2620 a
197 2600 231 2627 te,
248 2596 295 2632 nisi
313 2600 339 2621 ut
366 2599 466 2622 certum
484 2595 565 2620 fai-ias
581 2602 625 2620 cor
645 2602 730 2620 meum
747 2595 871 2628 quidnam

94 2640 198 2666 deitato
215 2641 258 2666 tibi
276 2640 383 2674 pittacio
398 2641 492 2666 facturn
515 2641 569 2666 sit?
589 2641 656 2667 Deus
671 2648 733 2674 ergo
747 2641 791 2673 qui
808 2640 873 2665 dixit

94 2685 234 2718 aliquando
249 2686 280 2711 ad
299 2685 472 2712 Chanaua¹am
488 2693 493 2710 :
512 2685 588 2711 Fides
602 2690 642 2711 tua
659 2690 682 2711 te
699 2686 795 2710 salvam
811 2686 872 2710 sei-it

93 2729 201 2759 (Matala.
218 2731 275 2763 xv),
291 2730 345 2763 ipse
360 2735 385 2756 et
408 2731 474 2756 hane
488 2734 586 2756 certam
608 2729 678 2756 feeit.
694 2730 786 2756 Tribus
802 2730 871 2756 enim

95 2775 186 2803 diebus
200 2782 370 2809 perseverans
385 2775 415 2801 ad
441 2775 588 2808 sepulcrum
617 2775 710 2807 sancti,
736 2780 760 2801 et
785 2776 871 2801 eibum

579 110 655 136 VlTA
678 109 796 135 sncrt
817 107 953 135 Joixxts
974 108 1257 135 Etru-:ttosvsltttr

1641 108 1704 133 1557<

895 166 917 193 Α
933 167 975 187 aut
992 168 1080 195 potum
1097 164 1203 189 omnino
1227 172 1278 189 nou
1300 170 1416 195 gustari&
1434 169 1508 191 tertia
1536 171 1622 196 noete.
1645 167 1706 192 dum

931 215 1022 233 rursus
1037 216 1095 234 cum
1121 209 1243 242 lacrymis
1258 210 1363 235 eosdem
1387 210 1466 236 duros
1482 218 1510 235 ac
1537 211 1625 236 fideles
1651 219 1706 237 se,-

930 260 1021 278 niones
1037 253 1187 279 beatissimo
1199 254 1306 283 diceri-t,
1319 262 1379 280 ecee
1390 255 1468 287 egi-ed
1483 260 1523 280 tur
1538 256 1581 281 Dei
1596 255 1706 282 famulus

930 298 962 324 de
979 299 1080 324 tumulo
1095 306 1153 330 suit,
1169 300 1290 325 oculatim
1309 308 1437 333 apparens
1458 309 1516 326 cuin
1532 301 1631 327 dinibus
1654 304 1704 335 epi-

929 345 1025 377 scopis,
1041 344 1082 377 qui
1098 352 1156 370 cuin
1168 352 1198 370 co
1210 346 1341 378 jaci-hant,
1356 354 1407 371 uuo
1421 346 1492 377 ltine,
1509 353 1533 372 et
1548 349 1632 373 altero
1648 348 1705 373 liin·-

929 388 1100 422 aspitantibus
1116 389 1184 423 (oti),
1200 395 1225 416 et
1240 391 1302 417 dieii
1319 392 1349 417 ad
1371 400 1428 418 cani
1443 402 1447 417 z
1466 401 1600 427 usquequo
1616 395 1708 419 ntulit-r

930 434 977 460 hos
991 435 1034 468 qui
1045 435 1085 461 hic
1094 440 1318 467 suttlcoultltol'ess,
1329 442 1352 463 et
1363 446 1412 463 nou
1427 439 1533 463 diinittZs
1543 439 1708 472 eosquiesev-

930 486 957 505 re
971 479 982 505 ¹?
998 479 1149 506 infuderunt
1164 481 1231 506 euim
1249 482 1328 506 stolas
1341 488 1442 508 nosti-as
1457 483 1577 517 lacryma·
1594 490 1653 509 iure.
1677 484 1708 510 Et

932 523 987 549 haec
1003 524 1105 556 diceus,
1121 525 1165 551 dat
1180 526 1203 551 ci
1220 527 1351 559 proprium
1365 527 1497 559 pittacium
1515 528 1649 557 nullatum,
1665 529 1706 553 ‹li-

929 576 990 595 cens
1004 578 1009 595 t
1027 570 1146 603 Suscipe‚
1162 573 1326 605 revngnoseis
1342 573 1412 598 hoc?
1429 574 1509 605 suti-0,
1523 575 1618 606 aspice.
1638 575 1667 600 lit
1682 575 1705 599 in

929 616 1040 648 seipsam
1054 624 1084 641 ex
1099 616 1196 642 risione
1214 618 1331 647 veniens.
1354 619 1417 644 vi=lit
1435 620 1526 644 iterum
1541 625 1643 644 sani-tus
1667 619 1706 645 iu-

928 661 1079 693 gredientes
1094 663 1117 686 iu
1144 662 1276 695 proprium
1303 663 1406 694 lucium
1429 669 1454 689 ct
1470 665 1584 694 solvens,
1607 665 1704 692 invenit

929 705 1029 732 littei-as
1044 714 1103 732 suas
1117 707 1225 737 deletas,
1243 712 1267 733 et
1283 710 1500 740 subscriptionem
1516 709 1565 735 sub
1585 710 1634 738 eis,
1660 711 1703 735 lia-

929 751 1031 776 benieni
1046 751 1081 776 sic
1096 760 1101 776 :
1126 752 1231 784 Propter
1241 751 1364 778 ,loanni-vm
1378 762 1473 778 seri-um
1491 762 1581 784 meum,
1597 754 1704 780 deletum

927 801 963 821 est
980 805 1013 828 pri
1024 801 1106 821 cutum
1122 802 1200 822 tuum.
1216 798 1278 829 Quis
1301 798 1420 831 loquetur
1447 800 1576 832 potentias
1592 800 1703 831 [lumin‘.

894 838 914 867 B
929 848 943 867 o
956 842 1031 868 amit-i
1047 847 1073 868 ct
1089 842 1201 869 fratres?
1228 845 1273 875 Qui
1291 845 1323 869 ita
1340 845 1489 870 misericors
1504 850 1530 871 ct
1541 850 1642 870 amator
1658 846 1703 870 lio-

928 888 1037 918 minum,
1053 889 1149 915 faciens
1165 890 1324 915 voluntatem
1342 891 1486 916 timentium
1509 898 1547 920 se,
1564 895 1587 916 et
1607 891 1704 922 glorifi-

927 941 989 960 cans
1001 934 1175 967 glorificantes
1189 942 1228 964 se.
1241 940 1267 961 et
1284 943 1328 968 per
1340 936 1526 961 miraculorum
1537 937 1702 969 operationes

927 980 1097 1012 magnificans
1108 981 1170 1006 eos?
1184 981 1238 1006 Non
1254 986 1338 1006 autem
1355 981 1437 1007 inhoc
1453 981 1702 1014 lncusolum.inqiio

928 1025 1040 1057 pretiosa
1055 1025 1179 1051 dormitio
1199 1025 1255 1059 ejus
1273 1026 1338 1051 sacta
1352 1030 1407 1054 est.
1423 1026 1502 1059 gratia
1518 1033 1594 1058 quani
1616 1025 1703 1051 hahuit

927 1070 994 1103 apud
1006 1071 1094 1099 iteum.
1105 1070 1267 1096 manifestata
1277 1076 1324 1101 est,
1335 1071 1378 1096 sed
1388 1071 1590 1104 ultiquelungius
1598 1072 1702 1097 claruit.

962 1115 1024 1141 (Iar.
1047 1115 1099 1141 Lll.
1116 1130 1149 1134 —
1162 1116 1255 1141 Eadem
1273 1117 1340 1141 enim
1357 1117 1397 1141 die
1413 1116 1438 1141 in
1457 1123 1505 1148 qua
1522 1117 1552 1141 ad
1579 1116 1658 1141 Deum
1672 1125 1702 1142 vx

929 1160 976 1187 hae
991 1162 1042 1187 vita
1058 1161 1151 1187 heatus
1167 1161 1214 1187 iste
1229 1161 1310 1195 profe«
1321 1166 1361 1187 tus
1376 1167 1424 1192 esi,
1441 1162 1544 1194 quidam
1555 1169 1644 1187 eurum
1659 1162 1703 1194 qui

927 1204 1070 1237 angelicam
1087 1204 1166 1230 vitam
1202 1208 1229 1230 et
1274 1203 1381 1231 schema
1429 1202 1615 1231 monachicum
1657 1205 1703 1230 ha-

928 1249 999 1279 bent,
1018 1249 1056 1275 vir
1072 1249 1232 1275 admirabilis
1256 1254 1282 1275 et
1298 1249 1450 1278 industrius.
1463 1250 1575 1275 Sabinus
1588 1250 1702 1282 nomine,

929 1293 1096 1319 Alexandrize
1112 1293 1242 1325 habitans,
1263 1294 1327 1319 vidit
1343 1294 1416 1327 quasi
1438 1295 1461 1319 in
1478 1301 1586 1320 excesui
1609 1294 1703 1319 inentis

929 1337 1021 1369 factus,
1036 1338 1160 1364 divinitus
1177 1337 1330 1364 honoratum
1346 1338 1472 1364 ,loannem
1485 1338 1516 1364 de
1533 1338 1636 1371 proprio
1647 1339 1704 1372 epi-

928 1383 1017 1416 scopio
1032 1384 1206 1417 egredientem
1217 1391 1275 1409 cum
1288 1384 1356 1409 clero
1371 1384 1439 1409 omni
1452 1391 1526 1409 cerea
1549 1388 1704 1417 portantem,

928 1428 996 1453 etad
1018 1427 1201 1461 itttpcratorcttt
1218 1432 1333 1458 euntem,
1351 1433 1472 1462 tanquam
1499 1430 1620 1455 eunucho
1641 1437 1704 1461 quo-

929 1472 988 1499 dam
1005 1473 1043 1508 (ut
1060 1473 1115 1506 ipse
1130 1473 1232 1499 dicebat
1256 1473 1378 1506 Sabinus)
1394 1474 1554 1499 cubiculario
1576 1474 1643 1499 hunc
1661 1481 1705 1498 vo<

930 1523 1015 1550 exuite,
1032 1523 1168 1552 postquam
1183 1520 1288 1552 ianuam
1306 1519 1429 1551 episcopii
1450 1520 1523 1549 exiit,
1541 1520 1607 1552 quod
1624 1519 1704 1552 signi-

931 1564 989 1589 ficat
1005 1564 1101 1597 proprii
1115 1564 1232 1597 corporis
1246 1564 1447 1596 ‚separationenn
1464 1569 1489 1590 et
1502 1573 1577 1590 unnin
1592 1565 1704 1597 puellam

931 1613 958 1635 ut
972 1609 1066 1641 solem,
1082 1609 1270 1642 suscipientem
1286 1616 1356 1640 euin,
1373 1614 1398 1635 et
1424 1617 1500 1635 manu
1524 1613 1665 1639 tenentem,
1680 1614 1704 1634 et

929 1661 1007 1687 super
1023 1659 1100 1687 caput
1114 1661 1238 1680 coronam
1255 1662 1285 1680 ex
1299 1654 1364 1680 olem
1380 1655 1458 1680 ramis
1472 1654 1704 1680 circumamictam.

931 1699 987 1725 titox
1001 1706 1064 1732 ergo
1079 1699 1183 1732 agnovit
1203 1704 1308 1725 sanctus
1331 1700 1442 1725 Sabinus
1458 1699 1638 1731 niieratPoneni
1662 1706 1705 1731 pa-

931 1745 1051 1771 uiaret-zi:
1068 1745 1099 1770 ad
1120 1745 1257 1771 Dominum
1273 1745 1326 1778 ipsa
1343 1745 1404 1771 hora
1423 1745 1501 1770 fuisse
1518 1745 1620 1770 factam.
1638 1746 1705 1776 Qua-

930 1795 1034 1823 propter
1049 1789 1204 1816 aduotantes
1229 1791 1333 1824 quidem
1362 1798 1478 1817 mensem
1497 1796 1522 1816 et
1547 1791 1627 1821 diem,
1650 1795 1705 1816 erat

929 1836 998 1861 enim
1013 1835 1134 1866 celebris,
1148 1836 1268 1862 videlicet
1279 1837 1361 1862 sancti
1374 1836 1495 1870 mai-tyris
1508 1836 1607 1862 Menti-e
1620 1836 1705 1869 (100),

929 1880 1084 1913 quibusdam
1098 1880 1260 1906 venientibus
1276 1880 1308 1906 de
1327 1880 1412 1914 Cypro
1440 1885 1638 1913 percunctantes
1653 1880 1705 1913 qui·

930 1924 989 1950 dam
1005 1924 1048 1958 qui
1066 1924 1217 1951 habitabant
1230 1925 1396 1951 Alexandriae
1410 1925 1440 1949 de
1455 1925 1608 1958 migratione
1623 1925 1704 1950 sancii

930 1969 1093 2002 patriarchae,
1117 1974 1278 2003 agnoverunt
1302 1977 1388 1995 veram
1412 1969 1490 1995 fuisse
1513 1969 1648 1997 visionem,
1673 1975 1705 1993 eo

928 2014 996 2048 quod
1012 2014 1102 2040 eadem
1120 2014 1182 2040 liora
1199 2015 1271 2041 lieret
1289 2015 1313 2040 in
1328 2022 1376 2047 qua
1392 2015 1455 2040 obiit.
1469 2014 1569 2044 beatus,
1585 2019 1610 2039 ei
1624 2014 1705 2038 niaxi-

930 2066 971 2085 mc
986 2058 1018 2085 de
1031 2059 1151 2091 exemplo
1167 2059 1260 2092 puellae
1277 2067 1333 2091 quse
1349 2066 1425 2084 nianu
1440 2059 1541 2084 tenebat
1562 2066 1631 2084 eum.
1649 2059 1705 2084 At:-

928 2108 1034 2137 ceperat
1049 2104 1118 2131 enlin
1137 2104 1355 2137 repromissiones
1371 2105 1402 2128 ab
1417 2111 1445 2130 ea
1463 2108 1578 2133 sanctus,
1595 2103 1662 2128 sieut
1679 2103 1703 2128 iu

929 2148 1137 2182 praecedentibus
1163 2149 1248 2175 verbis
1276 2148 1338 2174 Vitae
1362 2148 1475 2174 diximus
1500 2147 1587 2180 (Sup..
1609 2155 1632 2172 c.
1655 2147 1703 2179 7):

891 2184 915 2212 D
928 2193 992 2225 Quia
1007 2193 1028 2218 si
1045 2200 1086 2219 me
1101 2193 1218 2226 possides
1233 2193 1355 2223 amicam,
1377 2200 1424 2225 ego
1438 2197 1461 2218 te
1475 2197 1534 2218 :inte
1560 2191 1704 2224 impetato-

927 2244 980 2264 rem
995 2237 1170 2268 introducam,
1187 2238 1255 2271 quod
1272 2242 1296 2263 et
1313 2245 1400 2263 revera
1423 2238 1492 2263 fecit.

961 2283 1022 2309 Car.
1045 2283 1109 2309 Lttt.
1121 2297 1154 2302 —
1165 2283 1220 2309 Noti
1236 2288 1320 2309 autem
1333 2290 1362 2308 ex
1376 2283 1423 2308 hoc
1441 2287 1537 2308 tantuin
1554 2289 1645 2308 omnes
1659 2289 1702 2307 sa-

927 2328 1100 2354 tisfactionem
1115 2333 1282 2361 acceperunt,
1296 2328 1363 2361 quod
1380 2329 1546 2362 eleemosyna
1562 2333 1587 2354 et
1602 2329 1703 2354 misi-ri-

925 2372 1013 2398 coidia
1029 2380 1105 2404 quam
1131 2373 1218 2398 habuit
1235 2372 1303 2398 ciria
1317 2380 1433 2406 egentes,
1454 2381 1513 2399 eum
1528 2374 1552 2399 iu
1575 2375 1700 2400 coelorum

926 2425 1033 2451 regnum
1045 2418 1222 2449 deduxeruut;
1236 2418 1281 2443 sed
1294 2419 1352 2451 quia
1365 2419 1429 2444 alius
1440 2427 1530 2445 eorum
1546 2420 1587 2452 qui
1603 2420 1702 2446 habda-

927 2463 969 2488 bat
983 2463 1113 2489 civitatem
1130 2463 1325 2493 Alexandriam,
1345 2464 1438 2489 timens
1455 2465 1546 2496 Deum,
1563 2465 1624 2490 vidit
1648 2467 1701 2497 ipsa

925 2512 1000 2532 nnete
1023 2508 1046 2532 in
1061 2515 1110 2540 qua
1123 2511 1149 2534 et
1163 2512 1267 2534 sauctus
1283 2508 1407 2541 Sabinus,
1421 2517 1512 2535 omnes
1528 2517 1652 2542 pauperes
1675 2515 1700 2535 et

925 2552 1056 2584 orphanos
1067 2556 1143 2585 atique
1156 2552 1257 2584 viduas,
1279 2554 1342 2579 oleae
1364 2561 1449 2579 ramos
1464 2553 1617 2586 trajntanies,
1634 2558 1658 2579 et
1675 2554 1699 2579 iu

926 2597 1080 2629 pan-inretire
1094 2598 1218 2631 obsequio
1233 2603 1336 2629 euntes,
1356 2604 1379 2624 ct
1396 2598 1425 2623 ad
1439 2599 1523 2623 eccles
1536 2606 1575 2623 aiu
1593 2606 1702 2631 pergen-

923 2646 970 2666 tes.
989 2642 1043 2668 Non
1059 2643 1142 2668 sulum
1157 2643 1219 2675 duo,
1235 2648 1277 2668 aut
1292 2643 1393 2671 deveni,
1417 2648 1460 2668 aut
1477 2649 1579 2668 eentum
1595 2643 1698 2669 satisfa-

921 2687 1021 2713 ctiones
1034 2693 1104 2719 sunt,
1122 2696 1166 2721 pei·
1188 2697 1252 2721 ‹pia›
1265 2688 1361 2714 sriinus
1377 2688 1446 2713 clare
1461 2688 1581 2721 quintiani
1594 2694 1700 2714 saneto-

921 2739 978 2757 rum
995 2740 1129 2758 numerum
1151 2734 1245 2758 meruit
1266 2734 1442 2760 inerti-»rabilis
1457 2734 1514 2763 liic;
1531 2734 1575 2759 sed
1589 2740 1650 2759 ecce
1675 2738 1702 2759 ct

922 2776 987 2809 aliae,
1005 2784 1068 2810 quas
1083 2778 1245 2810 subsequens
1261 2778 1342 2803 forma
1359 2778 1480 2804 ostendit.
