1842 3018
41 66 125 98 “1103

652 68 830 97 tlESt'Ctltt
853 68 1088 97 t’REsm'rEnt

1611 66 1683 97 1101

56 129 118 150 sunt
130 124 250 158 ejusdem
267 125 294 150 in
309 130 422 158 utroque
443 123 566 158 pet-tecti,
583 130 722 159 ponuntur
736 125 794 151 seni
810 125 845 151 al·
861 131 882 157 A
897 132 973 150 suam
987 131 1047 151 esse
1062 131 1192 155 mensam,
1207 128 1234 150 et
1255 127 1445 150 testamentum
1459 130 1536 149 suum
1552 128 1682 150 :eternum

56 169 198 194 trinsecus.
216 167 323 203 Mystico
338 176 430 194 mensa
445 169 555 202 ponitur
568 169 676 203 quidem
691 170 745 199 hic,
764 170 843 204 poni-

56 219 98 239 1111·
107 214 186 240 etiam
203 214 227 239 in
246 213 335 239 sutum
353 213 460 239 sreculo.
476 213 526 240 Sex
541 219 735 249 antempanes,
747 214 844 248 positio

55 266 116 289 una,
139 259 201 292 quia
223 258 361 292 perfectus
383 266 522 290 numerus,
552 260 622 285 sicut.
636 264 662 285 et
686 259 842 294 mystorirnn

55 303 142 336 ipsum
163 303 323 336 perfectum.
344 308 370 329 et
395 304 529 338 perlectos
554 305 616 331 lacit
645 312 700 335 (os,
723 304 767 338 qui
794 305 844 330 hoe

55 349 190 374 fruuntur.
213 348 242 374 111
257 357 301 375 sex
318 355 407 375 autem
431 350 528 377 diebus
552 351 608 376 hzrc
631 351 746 376 risibilis
775 350 844 376 sacta

55 399 95 421 est
115 399 249 426 creatura,
273 401 400 429 sextaque
424 397 466 422 die
491 397 572 423 homo
597 397 743 431 productas
756 401 795 422 cst
812 396 843 428 ¹⁹,

55 446 164 475 propter
177 449 257 475 quem
277 442 403 469 Christus
425 443 567 477 mysticam
588 443 748 477 praqmraxtt
766 451 844 469 mcu-

55 494 122 513 satn.
139 486 332 514 Ycrumtamen
352 493 377 514 et
391 496 487 515 onmes
510 489 589 515 simul
614 494 685 515 recte
699 488 843 514 duodecim

55 541 137 567 panes
150 540 223 564 sunt,
235 542 296 568 quta
311 535 389 569 primi
404 535 570 561 Dorninicam
587 540 763 562 cmnaverunt
778 543 844 569 apo-

54 579 126 609 stoli.
144 579 189 613 qui
213 585 289 606 erant
308 579 450 607 duodecim
465 589 588 607 nurnero.
607 581 694 615 Super
717 582 766 608 hos
781 582 844 608 thus

55 625 250 652 lucidissimum
267 627 385 661 ponitur,
408 627 464 653 sive
481 632 509 653 ut
523 627 603 659 Lxx,
619 628 699 654 etiam
717 628 764 654 sal.
792 628 844 654 Sed

55 670 118 696 thus
133 670 216 704 prius,
238 672 384 705 gratiarum
401 673 546 701 actionem.
564 672 589 698 id
604 676 644 698 est
667 672 844 703 oblationem,

55 723 114 749 quae
129 716 309 750 principatum
327 722 401 743 tenet
415 717 441 743 in
456 717 624 744 Dorninicam
638 725 754 751 coenam,
767 719 846 753 signi-

54 760 115 787 ficat
131 761 203 791 thus,
219 769 272 787 non
287 761 373 787 solum
389 761 451 795 quia
466 762 621 789 immolatur
637 762 701 794 Deo,
717 763 763 790 sed
782 763 844 798 quia

54 812 81 833 ct
107 808 216 837 multas.
248 809 317 834 sicut
345 809 439 836 dicunt
467 810 576 842 medici,
598 814 674 837 sanat
704 810 843 837 oculorum
863 800 883 827 B

53 855 237 890 (egritudines.
255 856 298 881 Sal
312 856 382 883 enim
394 857 575 890 apostolorum
596 857 745 884 doctrinam
763 858 845 893 signi—

54 900 125 931 ficat,
143 901 174 927 ad
197 909 264 935 quos
281 901 380 928 dicitur
395 911 400 928 :
419 902 466 928 l'os
483 903 544 929 estis
568 903 608 929 sal
627 908 702 930 terrm
715 904 746 930 ⁸³⁰.
763 903 845 930 Recte

53 951 143 973 autem
159 947 185 973 in
206 947 296 973 multis
315 947 379 974 Iocis
393 948 511 983 mysticae
529 956 639 981 mensae,
657 949 705 983 ipsi
731 949 844 983 apostoli

54 996 79 1019 rt
94 993 216 1019 doctrina
231 1001 325 1020 eorum
343 999 491 1028 ponuntur,
521 995 584 1029 qnia
612 996 842 1029 quemadmodum

54 1039 120 1072 ipsis
152 1039 293 1071 Dominus,
315 1040 353 1067 sic
373 1041 424 1075 ip>i
452 1041 529 1068 nobis
545 1041 643 1068 divina}
668 1050 751 1068 coenze
769 1050 844 1068 cotn-

54 1085 210 1112 munionem
229 1086 409 1118 tradidcrunt,
426 1095 542 1121 quorum
563 1096 655 1115 mensa
672 1089 785 1119 munda,
804 1090 844 1114 yi-

51 1132 149 1158 ‹lelicet
172 1133 267 1165 altare,
287 1133 385 1167 dequo
411 1134 493 1161 David
518 1135 665 1169 psallebat:
689 1135 793 1161 Par-asti
818 1137 843 1162 iu

51 1184 187 1213 conspectu
209 1188 264 1206 meo
287 1188 412 1212 mensam,
440 1181 563 1208 advorsus
585 1191 626 1208 eos
651 1183 695 1217 qui
718 1183 843 1209 tribulant

51 1233 92 1251 me
108 1226 138 1252 ⁹⁸.
155 1225 214 1252 [ltcc
236 1226 334 1253 munda
352 1232 393 1253 est
416 1228 532 1262 primum
549 1230 658 1263 quidem
678 1229 746 1257 sicut.
764 1238 844 1256 mun-

52 1272 129 1303 dans,
149 1273 247 1299 deinde
262 1273 331 1300 sicut
351 1274 417 1300 nihil
438 1275 582 1306 mendacii,
607 1284 658 1302 nee
679 1276 842 1309 infectionis,

51 1318 140 1351 qualia
153 1319 251 1345 suntin
269 1320 403 1354 mysteriis
416 1329 594 1355 paganorum.
609 1323 711 1349 habens
724 1324 842 1358 insuper,

52 1364 113 1397 quia
131 1372 185 1390 non
199 1365 260 1391 licet.
276 1366 434 1400 participem
452 1368 522 1394 illius
539 1368 594 1394 ficri
619 1377 692 1399 cum,
718 1370 762 1403 qui
790 1378 842 1396 non

53 1411 154 1435 nnmdo
172 1412 274 1437 accedit
290 1419 380 1443 sensu,
394 1421 482 1447 nequo
506 1415 615 1441 indutus
630 1420 670 1442 est
682 1420 755 1442 veste
772 1416 842 1445 alba.

52 1456 219 1490 quaternarii
238 1457 348 1483 indutus
363 1467 415 1484 non
437 1460 517 1485 t'ucrit
534 1460 674 1494 projicitur
688 1469 719 1487 ex
734 1462 782 1491 eis,
797 1462 842 1496 qui

52 1503 138 1528 maan
154 1507 217 1529 sunt
231 1504 262 1529 ad
280 1512 383 1531 coemun
399 1505 468 1531 hanc
483 1514 591 1540 semper
612 1507 643 1532 ²².
670 1506 721 1533 Sed
743 1511 770 1534 et
797 1508 841 1534 die

51 1548 232 1575 &abbatorum
250 1550 371 1584 praecipit
386 1551 457 1584 pmii,
474 1551 589 1585 primum
604 1553 722 1586 quidem,
740 1553 801 1586 quia
815 1558 842 1580 et.

53 1602 78 1619 til
95 1594 254 1629 intelligibili
277 1596 369 1630 requie
386 1605 444 1630 quae
460 1604 500 1623 cst
519 1606 612 1624 terum
629 1598 786 1630 Sabbatum,
802 1600 842 1626 lo-

53 1649 112 1666 cum
127 1641 217 1672 habet,
232 1647 258 1668 et
272 1643 323 1669 hoc
336 1649 376 1670 est
391 1652 482 1670 mensa
497 1645 614 1676 Domini,
631 1646 679 1672 etsi
695 1653 771 1672 coena
784 1646 842 1680 ejus

58 1693 99 1713 est
119 1695 198 1719 nova,
220 1689 448 1722 quemadmodum
477 1691 540 1717 licet
554 1691 579 1717 in
607 1691 658 1723 his,
684 1700 744 1726 quae
771 1693 842 1720 dicta

52 1739 116 1760 sunt
140 1742 153 1760 a
177 1735 290 1761 Domino
310 1736 343 1761 de
369 1737 452 1763 calice
476 1737 536 1764 xitae
552 1742 670 1768 aeternffl,
695 1738 841 1773 conjicere.

52 1779 118 1812 Quia
145 1786 234 1807 autem
259 1789 312 1807 non
336 1781 434 1809 trustra
459 1783 526 1816 hree,
542 1791 602 1817 qua:
618 1792 691 1811 nunc
706 1785 843 1819 legislator

52 1826 187 1859 exposuit,
205 1826 231 1852 in
252 1826 392 1861 [nigeniti
408 1828 557 1862 accipimus
571 1836 674 1860 mensa,
694 1837 743 1856 nec
757 1830 844 1864 loqui-

52 1879 113 1897 mur
139 1877 305 1907 arroganter,
328 1879 375 1899 ant
396 1874 546 1900 scurriliter
570 1875 748 1909 exquirimus,
771 1876 843 1910 qnod

53 1923 106 1942 nnn
122 1917 154 1943 ad
170 1916 349 1944 intentionem
363 1917 430 1953 legis
445 1919 573 1953 pertinet,
591 1920 638 1946 sed
656 1920 710 1946 imo
723 1921 800 1947 valde
817 1925 844 1947 et

53 1969 116 1988 vere
142 1962 316 1996 conjicimus,
347 1963 404 1998 ipsa
438 1964 557 1991 auditori
584 1966 664 1992 rerba
688 1967 843 1994 satisfacere

53 2012 176 2041 possunt,
203 2007 229 2033 in
249 2008 347 2042 quibus
373 2009 416 2035 hie
453 2010 562 2044 proprie
593 2011 700 2037 loeutus
724 2012 842 2044 videtur,

52 2054 89 2079 ait
104 2054 176 2080 enim
193 2063 198 2080 :

90 2099 120 2127 Ut
147 2101 180 2127 sit
211 2101 286 2134 panis
314 2102 341 2128 ia
359 2103 545 2129 monimentum
562 2104 699 2130 oblationis
725 2105 842 2131 Domini.

897 170 1039 203 solumque
1056 169 1156 200 Aaron,
1171 174 1197 195 et
1216 168 1283 195 tilios
1301 169 1359 202 ejus
1384 168 1464 202 hujus
1483 167 1535 194 cibi
1551 175 1611 195 esse
1621 175 1685 202 par-

897 215 1002 249 ticipes,
1025 215 1147 249 praeeipit
1161 215 1303 242 comedere
1319 223 1372 241 non
1389 215 1499 248 ubique,
1517 214 1562 241 sed
1580 214 1607 241 in
1625 214 1684 241 loco

896 265 1000 286 sancto.
1016 260 1054 286 Sit
1071 265 1161 287 autem
1180 261 1258 287 nobis
1271 266 1380 287 sanctus
1394 261 1469 287 locus
1485 260 1559 295 prius
1576 260 1684 294 quidem

896 306 955 332 aula
971 306 1029 337 Dei,
1044 306 1142 333 deinde
1155 310 1247 332 nostra
1262 314 1374 340 corpora
1390 306 1498 340 quando
1524 310 1586 333 sunt
1599 313 1613 332 a
1628 306 1686 340 pol-

897 351 1047 378 lutionibus
1079 352 1189 383 munda,
1212 353 1248 378 ita
1266 357 1336 378 utet
1357 353 1435 379 nobis
1451 352 1614 379 conveniant
1630 352 1686 379 haec

897 397 971 424 Pauli
998 398 1099 424 verba:
1116 398 1247 431 Templum
1266 399 1331 424 enim
1354 398 1400 424 Dei
1424 403 1542 424 sanctum
1558 403 1603 429 est,
1619 399 1686 432 quod

897 444 956 469 estis
968 453 1009 471 vos
1023 445 1054 470 ²³.
1069 443 1180 478 insuper
1193 445 1300 471 elevans
1316 445 1374 479 ejus
1389 445 1513 480 gloriam,
1531 449 1557 471 ct
1567 445 1686 480 mysterii

897 490 1054 524 dignitatem
1072 491 1189 517 efferens
1209 491 1234 517 in
1249 491 1364 518 sublime
1378 492 1451 518 addit
1468 501 1475 518 :

932 535 1057 563 Sanctam
1066 542 1216 564 sanctorum
1227 542 1263 564 est
1273 538 1303 564 de
1310 538 1439 572 sacrificio
1448 537 1617 571 Dominijure
1629 545 1688 571 per-

897 588 984 615 petuo.
996 583 1066 618 Ergo
1075 587 1167 610 sancta
1177 588 1218 610 cst
1228 584 1325 615 oratio,
1335 587 1427 610 sancta
1435 583 1532 610 divinae
1542 583 1687 617 Scripturae

898 628 978 655 lectio
987 634 1014 656 et
1026 630 1258 664 interpretationis
1269 631 1381 662 auditio,
1393 635 1484 657 sancta
1495 634 1569 662 sunt,
1581 635 1610 657 nt
1625 631 1687 657 bre-

897 675 967 702 viter
982 676 1080 706 dicam,
1101 677 1192 703 onmia
1206 685 1266 711 quae
1282 677 1309 703 in
1330 676 1457 704 Ecclesiis
1472 677 1519 703 Dei
1537 676 1686 704 seeundum

897 722 982 755 legem
996 722 1055 756 ejus
1066 723 1193 750 dicuntur
1208 728 1235 750 et
1247 727 1375 758 aguntur.
1392 724 1491 750 Sancta
1513 728 1602 750 autem
1623 731 1686 750 san-

898 773 1003 795 ctorum
1021 768 1054 795 de
1079 769 1211 796 sacrificio
1227 769 1343 799 Domini.
1362 770 1394 796 de
1411 770 1538 796 omnihus
1564 769 1688 796 videlicet

897 822 956 849 quae
977 814 1133 842 offeruntur
1150 820 1177 842 et
1190 819 1316 850 aguntur,
1335 815 1366 842 ad
1383 816 1442 850 ejus
1459 815 1570 850 gloriam
1594 822 1687 842 mensa

900 865 953 893 est,
967 868 1048 894 qnam
1065 861 1098 887 de
1113 861 1245 888 sacrificio
1256 870 1306 888 suo
1329 861 1453 888 Christus
1467 861 1601 896 proponit.
1620 861 1686 887 Nam

898 914 951 932 non
968 906 1126 940 simpliciter
1138 907 1214 938 dixit,
1233 907 1293 941 quia
1309 912 1432 933 sanctum
1455 911 1610 933 sanctorum
1627 911 1686 933 est:

897 953 944 979 scd
964 953 1065 980 addidit
1083 954 1232 980 secundum
1250 953 1331 985 Lxx,
1349 953 1399 987 ipsi
1420 961 1472 979 non
1492 954 1578 979 solum
1597 954 1640 988 qui
1654 954 1688 979 ab

897 1007 929 1026 eo
955 999 1170 1026 satisfactionem
1196 999 1278 1025 habet
1299 999 1346 1025 scd
1360 1003 1387 1025 et
1409 999 1611 1025 subsistentiam
1634 1007 1687 1025 non

897 1045 1063 1079 negligenter
1077 1052 1135 1071 eam
1153 1045 1199 1071 sed
1214 1044 1324 1079 proprio
1343 1045 1474 1079 sanguiue
1491 1054 1496 1070 :
1511 1045 1555 1079 qui
1576 1053 1624 1080 pro
1639 1053 1687 1071 110„

896 1090 937 1117 bis
954 1090 1056 1117 effusus
1071 1095 1111 1117 cst
1124 1091 1284 1117 ostendente
1300 1095 1327 1117 et
1338 1091 1534 1117 constituente.

932 1137 1011 1164 Vens.
1024 1137 1114 1164 tss-tt.
1125 1146 1133 1162 ‹
1150 1137 1219 1164 Ecce
1233 1142 1322 1164 autem
1341 1145 1466 1172 egressus
1481 1138 1551 1163 silius
1567 1137 1688 1164 mulieriz

896 1184 1064 1215 israelitidis,
1080 1191 1160 1218 quem
1176 1188 1319 1218 pepererat
1334 1184 1366 1209 de
1383 1184 1440 1210 viro
1466 1183 1592 1219 AEgyptio
1617 1184 1688 1210 inter

896 1230 964 1257 lilios
979 1231 1071 1261 lsrael,
1082 1231 1205 1266 jurgatus
1216 1236 1256 1257 est
1267 1231 1292 1256 in
1303 1230 1398 1257 castris
1411 1238 1471 1257 cum
1486 1231 1543 1257 yiro
1556 1231 1686 1257 Israelita.

895 1276 1016 1310 Cumque
1030 1276 1243 1310 blasphemasset
1253 1284 1350 1303 nomen
1361 1276 1476 1307 Domini,
1491 1280 1518 1302 et
1533 1275 1687 1302 maledixi--

895 1327 934 1349 set
945 1322 979 1352 ci,
994 1322 1125 1348 adductus
1140 1326 1179 1349 est
1190 1322 1221 1348 ad
1233 1322 1350 1357 Moysen.
1361 1322 1513 1348 vocabatur
1525 1327 1615 1348 autem
1629 1329 1686 1348 ma-

895 1374 936 1395 tcr
945 1368 1003 1402 ejus
1012 1368 1169 1399 Salouiitch,
1179 1368 1229 1394 tilia
1240 1369 1328 1399 Dabri,
1338 1368 1371 1395 de
1383 1368 1453 1394 tribu
1464 1367 1530 1394 Dan.
1543 1367 1688 1394 Miserunt-

895 1423 947 1448 qne
964 1424 1025 1442 eum
1042 1415 1067 1441 in
1083 1423 1229 1446 carcerem,
1243 1415 1329 1442 donec
1342 1420 1461 1446 nossent,
1477 1415 1548 1448 quod
1562 1415 1688 1449 jussisset

898 1461 1037 1487 Dominus.
1054 1460 1104 1492 Qui
1121 1461 1227 1487 locutus
1242 1464 1283 1487 est
1299 1461 1331 1487 ad
1349 1460 1469 1495 Moysen,
1486 1461 1579 1487 dicens
1595 1461 1687 1487 :Educ

896 1507 1082 1541 blasphemum
1108 1507 1188 1533 istum
1207 1511 1282 1533 extra
1300 1511 1399 1536 castra,
1417 1511 1443 1533 et
1466 1511 1568 1541 ponant
1591 1514 1686 1533 omnes

894 1553 940 1587 qui
957 1553 1111 1585 audierunt,
1131 1561 1227 1580 manus
1250 1561 1312 1580 suas
1327 1561 1409 1588 super
1425 1558 1505 1587 caput
1523 1553 1584 1587 ejus
1599 1557 1626 1580 et
1648 1553 1688 1580 la-

895 1599 968 1633 pidet
982 1608 1043 1625 cum
1059 1600 1175 1634 populus
1188 1599 1340 1626 universus.
1368 1609 1376 1625 1

926 1645 1101 1672 Admirabilia
1117 1650 1144 1672 et
1158 1653 1230 1672 nunc
1244 1645 1323 1672 nohis
1338 1645 1573 1681 legislatortradit,
1587 1645 1612 1672 in
1626 1645 1686 1680 qui-

894 1689 944 1716 bus
962 1690 1071 1724 dignum
1087 1695 1129 1716 est
1145 1690 1236 1716 dicere
1254 1699 1260 1716 ι
1280 1690 1366 1721 Quam
1383 1690 1471 1716 dulcia
1487 1691 1605 1725 saucibus
1622 1691 1685 1716 meis

895 1736 997 1770 etoquia
1015 1742 1070 1767 tao,
1087 1736 1207 1767 Domine,
1225 1745 1303 1770 super
1319 1737 1369 1762 mel
1383 1742 1406 1762 et
1423 1737 1511 1771 savam
1528 1738 1568 1762 ori
1584 1745 1640 1763 meo
1652 1737 1686 1763 ¹⁸.

895 1781 1051 1807 Necessaria
1068 1782 1150 1813 enim,
1169 1786 1194 1808 et
1209 1782 1292 1808 nimis
1304 1782 1378 1808 utilia
1393 1782 1419 1808 in
1430 1781 1590 1816 imaginibus
1607 1782 1685 1814 vivis,

895 1832 921 1854 et
933 1827 1015 1862 signis
1027 1828 1163 1859 animatis,
1177 1833 1204 1854 et
1215 1828 1391 1862 operantibus¹
1403 1828 1481 1854 modo
1494 1828 1610 1861 quodam
1623 1835 1635 1854 s
1644 1835 1684 1854 *se

895 1873 1067 1900 mor-entibus
1084 1873 1175 1899 tradit.
1194 1873 1318 1900 Exterior
1334 1874 1407 1900 enim
1429 1873 1559 1907 sapientia
1578 1878 1628 1904 est,
1654 1874 1686 1899 de

894 1926 945 1952 qua
970 1918 1006 1944 ait
1024 1918 1139 1944 Paulus:
1157 1918 1225 1950 Quia
1240 1918 1347 1944 stultam
1370 1919 1431 1953 fecit
1448 1919 1515 1944 Deus
1529 1919 1685 1953 sapientiam

895 1964 973 1997 hujus
989 1964 1080 1989 mandi
1095 1964 1126 1990 ²¹¹.
1148 1964 1180 1990 Et.
1198 1971 1292 1990 rursus
1307 1973 1312 1989 :
1332 1964 1469 1998 Sapientia
1491 1965 1568 1998 hujus
1584 1966 1685 1996 nzamti,

893 2010 1006 2036 stultitia
1021 2015 1057 2036 est
1074 2010 1145 2044 apud
1159 2010 1242 2036 Deum
1255 2011 1286 2036 ⁸²⁵.
1304 2010 1374 2036 Dicit
1390 2010 1462 2036 enim
1485 2017 1555 2040 eam,
1571 2019 1632 2045 qna}
1646 2016 1686 2037 cst

894 2064 956 2091 erga
971 2064 1066 2083 cursus
1083 2057 1214 2087 siderum,
1232 2061 1258 2083 et
1274 2064 1414 2083 mensuras
1431 2056 1502 2087 coeti,
1518 2061 1544 2083 et
1572 2057 1686 2083 aliorum

895 2103 973 2130 nobis
1006 2103 1323 2138 incomprehensibilium
1346 2104 1602 2138 perscrutationem,
1626 2111 1686 2137 qum

53 2145 129 2178 Quis.
147 2151 193 2172 ³¹12
208 2147 233 2173 1η
247 2148 324 2181 cujus
337 2150 596 2177 commemoratione
609 2151 619 2176 ’ἶ
634 2150 686 2177 Sed
701 2151 763 2178 illud
779 2160 842 2186 pro·
860 2163 882 2193 D
896 2150 967 2183 apud
993 2149 1132 2183 Aigyptios
1157 2149 1345 2180 studebantur,
1364 2154 1390 2176 et
1411 2150 1463 2175 illic
1488 2150 1686 2183 quodammodo

53 2192 94 2219 cut
105 2192 188 2219 dubio
202 2198 253 2225 est,
265 2195 337 2228 quod
352 2202 380 2221 se
395 2195 496 2222 dixisse
509 2196 609 2223 Paulus
623 2197 769 2224 Dominum
787 2202 841 2224 tra-

53 2238 162 2265 dentem
179 2240 334 2274 mysterium
361 2241 477 2276 scripsit.
494 2242 715 2277 Quotiescunque
730 2244 787 2270 hzec
801 2244 842 2270 se·

53 2285 156 2315 ceritis,
187 2285 213 2311 in
243 2286 399 2312 memoriam
424 2288 476 2313 mei
504 2288 596 2318 facite.
625 2288 723 2314 deinde
748 2295 842 2315 rursus

53 2329 173 2356 additum
190 2336 240 2358 est.

90 2374 143 2401 Per
167 2376 270 2410 singula
288 2377 403 2404 Sabbata
420 2379 593 2405 mutabantur
614 2388 702 2406 coram
720 2380 839 2411 Domino,

53 2422 165 2456 suscepti
174 2430 188 2448 a
197 2423 260 2456 filiis
271 2423 352 2449 lsrael
364 2425 457 2458 [oedere
465 2427 631 2459 sempiterno.
646 2427 708 2453 Sive
721 2432 749 2454 ut
760 2427 840 2459 Lxx,

54 2471 237 2493 testamentum
249 2469 435 2501 sempiternum
453 2479 459 2495 :
477 2470 650 2504 illud-procul
667 2471 749 2497 dubio
764 2476 844 2498 testa-

54 2516 175 2539 mentum
194 2512 296 2545 dicens,
313 2514 390 2547 cujus
404 2514 534 2543 Dominus
549 2517 657 2544 tradens
672 2518 840 2552 mysterium,

22 2566 24 2568 ’
54 2558 219 2585 mentionem
233 2558 305 2585 facit.
320 2560 372 2586 Sed
391 2565 416 2586 ct
434 2568 483 2587 nos
504 2562 635 2594 dicentes,
653 2569 783 2597 ‹prantum
800 2573 844 2590 yc—

55 2605 150 2637 ruatis,
166 2611 353 2641 quantumque,
370 2607 507 2641 dignitatis
521 2609 629 2638 habeat,
646 2618 707 2636 cnm
725 2612 843 2637 maximo

55 2651 150 2679 timore
173 2657 198 2679 et
221 2661 312 2679 amore
332 2654 500 2681 accedamus.
533 2654 599 2686 Quia
623 2656 749 2682 mumlam
779 2658 842 2683 dicit

108 2751 128 2765 '⁹
143 2749 210 2777 Gen.
229 2759 246 2783 1,
261 2752 304 2778 97.
346 2753 367 2768 ²⁰
380 2751 474 2779 Matth.
491 2762 516 2785 v,
535 2753 578 2779 13.

635 2755 655 2768 ’¹
675 2755 745 2781 t‘snt.
760 2764 823 2787 xxtt,
839 2757 863 2783 55.

55 2791 146 2816 cxvtu,
161 2786 220 2812 ¹03.
280 2788 301 2802 '⁵
327 2788 411 2814 lCor.
432 2796 449 2819 1,
464 2789 505 2814 20.

565 2789 587 2803 ¹⁶
602 2788 610 2814 l
626 2789 687 2815 (lor.
713 2799 753 2823 nt,
771 2792 810 2819 19.

868 2794 888 2807 ²7
904 2792 932 2818 ΙΙΙ
952 2793 1016 2828 llcg.
1032 2803 1067 2825 tv,
1080 2794 1123 2820 50.

896 2194 1013 2226 initium,
1033 2200 1059 2221 et
1079 2195 1219 2229 praemium
1234 2195 1359 2229 sumpsit,
1378 2203 1457 2229 quam
1476 2203 1525 2221 nee
1540 2195 1643 2229 Moyses
1659 2195 1684 2221 in

894 2242 1044 2268 Pharaonis
1069 2241 1203 2275 regalibus
1229 2242 1356 2272 nutritus,
1382 2241 1522 2276 ignoravit.
1547 2241 1599 2267 Sed
1620 2241 1687 2267 liber

895 2287 998 2322 Regum
1014 2288 1100 2314 dicit:
1116 2288 1281 2315 Pra'cedebat
1309 2288 1440 2322 sapientia
1466 2287 1614 2314 Salomonis
1641 2296 1685 2313 sa-

895 2338 1021 2371 pientiam
1050 2339 1167 2363 omniam
1191 2338 1379 2367 Orientalium,
1403 2341 1427 2363 et
1442 2336 1628 2370 AEqyptv'oram
1651 2335 1683 2361 ²⁷.

896 2383 1024 2410 israelitis
1041 2388 1131 2410 autem
1149 2384 1255 2414 mulier,
1275 2383 1365 2409 divina
1387 2382 1524 2416 Scriptura
1549 2381 1684 2412 videlicet,

896 2430 929 2457 de
944 2438 994 2464 qua
1012 2431 1037 2456 in
1058 2430 1210 2457 Proverbiis
1225 2431 1325 2456 dictum
1345 2434 1386 2456 est
1401 2439 1406 2455 :
1427 2429 1521 2455 Mulier
1539 2428 1685 2462 inteltiqcns

898 2478 1066 2507 benedicitur.
1097 2478 1216 2503 timorem
1246 2481 1332 2502 antem
1365 2475 1469 2501 Domini
1499 2475 1554 2509 ipsa
1585 2474 1684 2506 laudet,

899 2523 961 2558 qaia
980 2524 1127 2557 superfluas
1142 2523 1294 2558 qaoestiones
1309 2522 1465 2556 relinquens,
1477 2520 1584 2547 aetlnrsit
1597 2520 1685 2546 timori

898 2567 985 2593 divino
1002 2568 1033 2594 ²⁸.
1062 2567 1119 2593 Non
1141 2573 1248 2602 oportet
1270 2575 1333 2602 ergo
1351 2565 1528 2593 lsraeiitidem
1543 2565 1683 2591 mulierem

897 2618 924 2640 et
933 2614 1091 2648 sapientiam
1105 2614 1233 2648 spiritalis
1244 2613 1398 2647 Scripturae,
1409 2611 1534 2638 exteriori
1547 2611 1685 2646 sapientiae

897 2659 978 2690 coire,
995 2660 1030 2686 ita
1045 2665 1072 2686 ut
1086 2660 1293 2693 etsubjiciatur.
1311 2663 1334 2685 et
1349 2667 1410 2685 euin
1425 2658 1469 2692 qui
1487 2666 1518 2684 ex
1535 2658 1574 2685 eis
1595 2657 1684 2686 nasci-

923 2759 943 2772 ⁷⁹
959 2759 1057 2785 nant».
1073 2759 1154 2789 xxnst
1177 2765 1234 2791 seq.
1292 2757 1314 2771 ’³
1331 2757 1349 2782 ΙΙ
1367 2757 1429 2783 Cor.
1447 2765 1483 2790 vr,
1501 2757 1544 2784 ¹6.
1600 2756 1622 2772 ⁵⁸
1636 2755 1680 2784 Pe.

1180 2793 1201 2807 ²⁸
1214 2793 1292 2819 l'rov.
1306 2801 1380 2824 xvui,
1397 2794 1421 2819 l.
