1842 3018
137 92 204 124 1225

174 152 252 178 hus.
268 153 293 178 5.
308 162 315 177 ι
331 152 393 180 Esto
407 155 472 181 mihi
489 156 515 182 in
531 156 613 183 Deum
626 163 818 192 protectorem.
841 170 849 185 i

172 195 344 223 vect-:uorem
361 198 482 233 iniquum
499 206 524 227 et
537 200 665 236 injustum
678 209 754 230 vocat
769 205 918 236 ‹tiabolmm

137 247 216 276 atquc
233 251 263 268 cx
276 244 335 276 ejus
354 252 434 271 mauu
452 247 565 277 (scilicet
580 250 693 282 pcccati,
710 251 781 284 quod
800 251 826 277 iu
853 251 920 277 insi-

137 289 186 315 dIis
201 290 264 316 latet
277 291 455 326 voluptatum)
473 295 591 327 postulat
604 296 722 324 liberari.
739 296 815 329 Quod
826 298 920 324 sivero

135 335 215 361 etiam
232 344 245 362 a
264 338 451 371 peccatoribus
469 339 576 366 libcrari
596 346 677 374 petat.
696 342 776 369 ctiam
789 343 841 369 lioc
856 343 920 369 lica—

137 386 191 407 tum
212 388 262 409 est.
281 382 346 409 Nam
364 384 385 411 si
401 385 509 417 quidem
531 386 657 413 inimicus
671 393 796 421 peccator
814 388 858 418 sit.
874 389 920 415 mi-

137 428 207 454 nime
224 430 325 463 parcit:
351 430 373 456 si
388 439 452 458 vcro
468 432 582 464 amicus,
596 433 677 459 ctiam
696 434 735 460 sic
746 434 834 468 gravis
850 439 892 460 est
911 442 916 459 z

136 481 196 499 nam
229 475 317 509 qualia
345 475 402 509 ipsc
428 477 557 503 nimirum
587 478 815 509 comminiscitur,
856 479 918 506 talia

136 519 318 548 etiamamicis
330 522 434 549 suadet.
453 524 471 549 Α
490 524 786 559 peccatoreigiturtam
805 525 918 552 inimico

134 574 214 599 quam
245 567 332 594 amico
362 569 444 595 etiam
459 578 508 596 nos
519 578 628 597 orcmus
643 571 767 603 liberari;
782 579 843 598 cum
874 572 917 599 hie

133 609 242 642 quidem
262 618 310 644 per
330 612 486 643 amicitiam,
501 613 544 639 illc
567 622 631 640 vero
643 623 691 649 per
707 617 855 650 potentiam
869 625 916 644 scu

134 654 299 688 violentiam,
322 661 435 691 uterque
449 662 537 684 autem
552 659 677 692 nequiter
695 665 721 686 ct
747 660 839 694 inique
865 668 915 687 no-

133 704 201 726 ceal.

168 744 249 771 Vens.
262 746 287 772 8.
308 755 316 770 ι
336 746 481 781 chlealur
502 756 532 775 os
550 756 640 775 meum
653 750 742 776 laude.
763 759 772 775 ι

167 789 251 817 Ncmo
266 790 349 817 Deum
367 792 407 818 vel
419 800 449 818 ea
463 801 523 827 quae
542 793 587 820 Dei
600 798 663 820 sunt
687 795 796 821 laudare
812 798 911 829 potest.

133 835 184 861 nisi
197 837 230 862 ab
247 837 305 870 ipso
321 838 454 872 sapientia
475 843 501 865 ct
515 839 592 866 laude
605 840 725 874 repletus
737 840 829 866 suerit.
842 840 912 872 Quid

132 890 211 916 porro
227 883 336 910 laudare
347 885 438 918 cupit?
453 885 499 911 Dei
510 885 620 919 gloriam
633 891 660 911 et
676 886 911 921 magnificentiam;

131 929 154 954 id
176 934 217 955 est
231 930 363 964 magnalia
378 930 435 961 Dei,
450 935 476 957 et
501 931 630 959 miracula
655 933 731 960 valde
755 933 910 967 glorificata,

129 975 162 1001 de
177 975 275 1008 quibus
291 976 357 1002 dixit
377 984 382 1002 2
400 977 486 1008 Quam
498 979 668 1012 muqnificala
680 984 739 1005 sunt
758 987 836 1010 opera
854 984 910 1011 ιιια,

128 1021 238 1048 Domine
254 1023 360 1048 ‚¹0mnia
374 1024 398 1049 in
410 1024 539 1056 sapientia
555 1026 638 1058 fecisti
651 1026 683 1051 ⁴³⁸.

166 1076 174 1091 ι
195 1067 228 1094 Ut
243 1073 348 1094 cantem
363 1069 474 1103 gloriam
490 1075 573 1097 tuam.
595 1080 603 1095 ι

163 1113 389 1148 magnificentiam
404 1121 478 1142 vocat
491 1116 621 1150 Spiritum
634 1124 639 1141 ε
652 1117 677 1142 iu
695 1116 754 1151 ipso
769 1118 839 1144 cuim
853 1126 910 1144 ma-

127 1167 176 1192 gn..
194 1159 239 1185 Dei
259 1160 388 1186 miracula
403 1168 539 1195 operaque
559 1162 636 1188 liunt.
653 1161 747 1189 Totam
759 1171 823 1190 vero
839 1164 909 1191 diem

127 1208 205 1231 vocat
219 1205 289 1231 lianc
304 1206 386 1232 vitam
402 1211 532 1233 nostram.

163 1249 242 1277 Vnus.
262 1251 302 1277 10.
321 1261 329 1276 ι
349 1250 416 1283 Quia
433 1252 560 1278 dixerunt
575 1253 677 1280 inimici
703 1254 755 1279 mei
768 1254 845 1280 milii.
862 1264 870 1280 ι

160 1296 300 1322 Daemones
309 1297 465 1323 custodiunt
479 1297 582 1323 animas
605 1304 712 1324 nostras
727 1306 780 1324 non
796 1300 829 1325 ad
860 1300 910 1326 lio—

126 1350 201 1373 num,
222 1342 268 1368 scd
301 1342 333 1368 ad
365 1343 475 1374 malum,
500 1343 677 1370 observantes
685 1352 741 1375 eas,
755 1349 781 1370 ct
796 1349 825 1371 ut
850 1345 909 1371 illa-

125 1393 225 1421 queent
238 1387 397 1414 insidiantes
416 1398 421 1414 :
441 1388 467 1414 hi
482 1397 607 1422 namque,
621 1390 729 1424 quando
750 1391 828 1417 nobis
842 1392 908 1418 insi-

125 1434 182 1461 dias
206 1434 353 1461 struxerint
364 1442 412 1469 per
426 1440 577 1469 peccatum,
593 1440 619 1462 et
633 1436 666 1463 ad
680 1436 779 1463 bonum
794 1446 910 1471 operan-

726 101 903 131 IIESYCUII
932 103 1166 134 PRESBYTERI

1688 109 1753 140 12:36

1010 171 1018 187 ‹
1036 163 1117 188 Γενοῦ
1134 172 1178 196 μοι
1194 164 1234 194 εἰς
1247 162 1312 190 Θεὸν
1327 164 1557 199 ύπερασττιστήν.»

1015 208 1186 243 Ἀμαρτωλὸν
1213 209 1368 244 παράνομόν
1388 219 1417 236 τε
1436 211 1482 237 καὶ
1497 211 1588 237 ἄδικον
1603 211 1681 238 καλεῖ
1707 211 1753 238 τὸν

971 254 1103 281 διάὅολοψ
1119 256 1149 281 ὲκ
1174 256 1264 290 χειρός
1280 265 1309 282 τε
1324 257 1405 282 αὐτοῦ
1427 257 1557 292 ρυσθῆναι
1576 257 1685 293 (δηλαδὴ
1702 258 1750 291 τῆς

971 299 1119 334 ἁμαρτίας,
1140 300 1173 334 ἣν
1199 302 1227 326 ὲν
1242 303 1302 333 ταῖς
1321 302 1472 336 μεθοδείαις
1495 303 1551 337 ἔχει
1571 302 1623 329 τῶν
1638 303 1750 337 ἡδονῶν)

971 345 1164 380 προσεύχεται.
1184 347 1215 374 Εἰ
1229 347 1256 374 δὲ
1270 349 1318 374 καὶ
1330 348 1480 383 ἀνθρώπων
1500 348 1668 383 ἁμαρτωλῶν
1678 349 1751 382 λέγει

971 391 1115 426 ῥυσθῆναι,
1132 393 1179 418 καὶ
1199 393 1277 419 τοῦτο
1303 395 1448 429 μακάριον.
1465 395 1495 420 Εἰ
1511 395 1560 429 μὲν
1580 395 1634 429 γὰρ
1656 395 1752 430 ἐχθρὸς

969 437 982 462 ὁ
1007 438 1178 472 ἁμαρτωλὸς,
1204 439 1232 465 ού
1260 440 1391 473 φείδεται·
1415 441 1438 466 εἰ
1457 440 1484 466 δὲ
1499 440 1585 474 φίλος,
1605 440 1689 475 βαρὺς
1705 441 1751 466 καὶ

969 483 1064 515 οὕτως·
1079 482 1123 510 οἷα
1139 485 1193 519 γὰρ
1211 485 1290 516 αὐτὸς
1313 486 1366 521 ἄρα
1386 486 1574 520 συμὸουλεύει,
1591 488 1647 517 τοῖς
1665 486 1752 520 φίλοις

968 531 1015 555 καὶ
1032 530 1226 564 προτρέπεται.
1250 531 1427 566 Ἀμαρτωλοῦ
1442 532 1529 557 τοίνυν
1549 531 1645 566 ἐχθροῦ
1661 540 1689 557 τε
1705 532 1751 558 καὶ

968 574 1044 607 φίλου
1069 574 1199 608 ρυσθῆναι
1225 576 1270 601 καὶ
1293 576 1374 610 ἡμεῖς
1391 575 1615 611 προσευξώμεθα·
1630 577 1675 602 τοῦ
1701 576 1751 610 μὲν

965 620 1009 646 διὰ
1029 620 1130 654 φιλίας,
1141 621 1187 647 τοῦ
1205 622 1232 647 δὲ
1248 622 1420 655 δυναστείας,
1433 624 1566 658 ἑκατέρας
1583 623 1674 649 ἀδίκου
1703 623 1751 649 καὶ

967 667 1124 701 παρανόμου
1139 667 1311 701 βλάπτοντος.

1003 762 1011 778 ε
1032 753 1208 788 Πληρωθήτω
1222 754 1251 780 τὸ
1267 755 1353 789 στόμα
1373 763 1423 789 μου
1436 755 1576 786 αἰνέσεως.
1594 764 1603 780 ι

1001 799 1095 830 Οὐδεὶς
1119 800 1239 834 ὑμνῆσαι
1256 799 1302 825 τὸν
1325 799 1390 826 Θεὸν
1406 800 1465 825 οὐδὲ
1488 800 1522 825 τὰ
1536 799 1580 825 τοῦ
1596 799 1675 830 Θεοῦ,
1703 799 1749 825 ἐὰν

967 845 1004 880 μὴ
1015 845 1145 880 πληρωθῇ
1157 845 1221 879 παρ’
1232 845 1314 871 αὐτοῦ
1329 846 1421 879 σοφίας
1430 846 1537 871 καὶαίνέ
1543 854 1620 877 σεως,
1628 845 1747 872 δύναται.

963 891 994 916 Τί
1009 891 1037 916 δὲ
1051 891 1170 925 ὑμνῆσαι
1186 891 1326 926 βούλεται;
1340 891 1424 922 Δόξαν
1436 891 1502 917 Θεοῦ
1518 892 1564 916 καὶ
1577 891 1748 925 μεγαλοπρέ-

963 943 1053 961 πειαν·
1066 936 1188 961 τουτέστι
1203 936 1237 961 τὰ
1253 936 1359 970 μεγάλα
1375 936 1420 962 τοῦ
1439 936 1518 967 Θεοῦ,
1539 936 1586 961 καὶ
1601 935 1659 961 λίαν
1677 935 1749 961 6⁵60-

962 982 1082 1016 ξασμένα
1098 982 1234 1016 θαύματα,
1253 982 1316 1016 περὶ
1331 979 1367 1008 ὧν
1382 982 1488 1014 ἔλεγεν·
1500 982 1546 1014 Ὡς
1561 982 1747 1015 ἑμεγαλύνθη

961 1028 996 1053 ric
1013 1028 1083 1061 ἔργα
1098 1036 1166 1058 σου,
1184 1027 1291 1060 Κύριε]
1304 1027 1403 1054 πάντα
1429 1027 1463 1053 ἐν
1481 1027 1574 1060 σοφίᾳ
1589 1027 1747 1059 ἐποίησας.

999 1083 1007 1099 ‹
1028 1074 1122 1104 Ὅπως
1137 1074 1249 1109 ὑμνήσω
1263 1074 1312 1108 τὴν
1330 1073 1407 1105 δόξαν
1426 1082 1483 1100 σου.
1505 1083 1513 1099 ι

995 1119 1241 1153 Μεγαλοπρέπειαν
1255 1119 1285 1145 τὸ
1296 1119 1406 1154 Πνεῦμα
1420 1119 1507 1145 καλεῖ·
1523 1119 1550 1144 ἐν
1563 1117 1635 1152 αὐτῷ
1649 1116 1702 1151 γὰρ
1713 1115 1747 1142 τὰ

962 1164 1068 1198 μεγάλα
1097 1164 1143 1190 τοῦ
1171 1164 1238 1190 Θεοῦ
1266 1164 1393 1198 θαύματα
1418 1163 1466 1190 καὶ
1489 1163 1522 1189 τὰ
1547 1161 1747 1197 κατορθώματα

960 1211 1074 1244 γίνεται.
1101 1211 1222 1245 ’Πμέραν
1248 1210 1276 1236 δὲ
1302 1211 1366 1245 ὅλην
1383 1210 1427 1236 τὸν
1451 1210 1508 1244 βίον
1536 1209 1581 1235 τὸν
1601 1209 1745 1243 ἡμέτερον.

999 1267 1007 1281 ‹
1025 1258 1085 1283 ’Ὁτι
1100 1256 1174 1282 εἷπον
1194 1258 1217 1282 οἱ
1230 1257 1320 1291 ἐχθροί
1334 1265 1383 1290 μου
1396 1255 1467 1291 ἐμοί.
1489 1265 1498 1280 »

994 1302 1177 1328 Φυλάσσουσιν
1187 1302 1264 1336 ἡμῶν
1279 1302 1327 1332 τὰς
1338 1301 1436 1335 ψυχὰς,
1450 1300 1498 1326 οὐκ
1511 1300 1550 1330 εἰς
1565 1298 1677 1332 ἀγαθὸν,
1688 1295 1747 1323 ἀλλ’

961 1349 999 1379 εἰς
1017 1348 1100 1374 κακὸν
1116 1348 1140 1373 οἱ
1151 1347 1288 1381 δαίμονες,
1302 1346 1496 1381 ἐπιτηροῦντες
1509 1345 1603 1377 αὑτὰς,
1617 1344 1686 1370 ὥστε
1701 1344 1747 1368 καὶ

961 1393 1124 1427 παγιδεῦσαι
1134 1393 1329 1427 ἐνεδρεύοντες·
1340 1389 1413 1418 οῦτοι
1423 1391 1488 1426 γὰρ,
1497 1392 1561 1417 ὅταν
1573 1391 1646 1424 ἡμᾶς
1660 1390 1746 1423 τηρή-

962 1448 1057 1470 σαντες
1082 1439 1126 1465 διὰ
1149 1439 1199 1473 τὴν
1225 1439 1374 1472 ἁμαρτίαν,
1399 1437 1446 1463 καὶ
1470 1437 1536 1471 πρὸς
1563 1435 1746 1470 ἁγαθοεργίας

125 1482 188 1507 dum
203 1481 305 1507 debiles
320 1482 521 1515 conspexerint,
551 1481 625 1516 quasi
646 1482 789 1510 derelictos
803 1492 817 1509 a
843 1484 908 1516 Deo,
924 1497 944 1525 C
961 1486 1163 1520 ἀςΟενήσαντας
1178 1485 1278 1516 ἴδωσιν,
1298 1485 1334 1515 ὡς
1350 1483 1577 1517 καταληφθέντων
1596 1481 1647 1508 ὑπὸ
1662 1480 1742 1511 Θεοῦ,

125 1534 178 1552 non
189 1527 275 1553 solum
288 1534 337 1553 nos
350 1527 477 1561 persequi
498 1527 567 1554 sacta
588 1529 787 1562 conspiratione
803 1530 906 1563 volunt,

125 1573 170 1599 sed
192 1574 271 1599 etiam
299 1574 531 1607 comprehendere
555 1579 694 1609 satagunt3
726 1581 824 1610 putant
835 1577 907 1603 enim

125 1625 178 1644 non
194 1625 255 1644 esse
268 1618 313 1651 qui
330 1626 380 1643 nos
394 1618 500 1645 liberet.

160 1662 240 1690 Vens.
256 1663 298 1689 12.
313 1673 321 1688 ι
338 1663 408 1690 Deus
424 1672 509 1697 meus,
525 1673 559 1692 nc
572 1666 706 1700 elongeris
722 1674 736 1692 a
755 1674 808 1693 me.
826 1676 834 1691 ι

161 1709 194 1735 Et
225 1709 361 1742 quomodo
388 1709 459 1737 Deus
484 1718 567 1745 super
583 1719 679 1738 omnes
698 1717 722 1737 et
736 1712 762 1737 in
780 1712 908 1738 omnibus

123 1753 274 1787 elongatur,
299 1754 350 1779 nisi
366 1754 474 1787 quaudo
484 1763 534 1781 nos
549 1755 607 1788 ejus
629 1757 772 1790 praesentia
799 1756 907 1791 indigna

123 1799 307 1833 gesserimus?
321 1800 391 1826 sicut
410 1808 457 1833 per
483 1802 667 1835 propheticam
682 1802 799 1838 linguam
813 1803 845 1830 ad
858 1803 907 1830 Ju-

122 1847 194 1872 ‹laeos
210 1846 298 1872 dixit:
332 1845 444 1872 Peccata
472 1852 560 1873 vestra
581 1848 705 1875 dividunt
733 1848 804 1875 inter
818 1857 864 1876 vos
880 1854 908 1877 et

124 1893 206 1920 Deum
222 1894 254 1918 ⁶⁹.

157 1939 296 1968 Vens.2l.
315 1951 324 1966 c
351 1942 535 1977 Multiplicasti
563 1949 644 1976 super
672 1948 714 1967 me
731 1940 907 1974 magnificen-

122 1987 196 2013 tiam.
217 1995 226 2010 ι

157 2033 355 2068 lllagnilicentia
375 2033 421 2060 Dei
438 2034 547 2067 cstejus
573 2034 605 2059 ad
622 2041 672 2059 nos
688 2032 883 2059 condescensio
898 2039 904 2056 t

121 2080 273 2106 sicutenim
287 2080 420 2106 maximus
430 2084 522 2106 manet
537 2088 661 2114 magnus,
686 2084 713 2105 ct
726 2079 829 2113 pusillis
839 2086 907 2104 con-

119 2126 271 2152 descendit.
289 2125 430 2157 Quomodo
450 2130 540 2151 antem
571 2133 646 2152 suam
676 2125 708 2151 ad
736 2132 784 2150 nos
808 2124 907 2150 conde-

963 1533 990 1557 ὲν
1003 1531 1113 1566 ὁμονοίᾳ
1131 1530 1271 1565 βούλονται
1284 1531 1312 1556 οὐ
1331 1530 1410 1564 μόνον
1426 1528 1603 1561 καταδιῶξαι,
1620 1527 1688 1553 ἀλλὰ
1700 1526 1746 1552 καὶ

963 1577 1128 1603 καταλαὸεῖν
1154 1577 1361 1608 σπουδάζοντες·
1388 1575 1497 1602 δοκοῦσι
1519 1575 1573 1610 γὰρ
1596 1575 1645 1600 οὐκ
1675 1572 1746 1600 εἶναι

961 1624 1006 1649 τὶν
1019 1624 1159 1658 ῥυόμενον.

999 1679 1009 1695 c
1032 1669 1060 1696 Ὁ
1073 1670 1139 1701 Θεός
1155 1679 1218 1704 μου,
1232 1669 1268 1704 μὴ
1282 1669 1423 1704 μακρύνῃς
1435 1669 1482 1695 ἀπ’
1495 1668 1573 1703 ἐμοῦ,
1593 1678 1602 1693 ι

997 1715 1052 1740 Καὶ
1065 1715 1123 1745 πῶς
1138 1716 1152 1741 ὁ
1168 1714 1233 1745 Θεὸς
1249 1715 1294 1740 ἐπὶ
1307 1715 1415 1740 πάντων
1426 1714 1473 1739 καὶ
1485 1714 1513 1739 ὲν
1527 1713 1592 1738 πᾶσι
1610 1711 1745 1746 μακρύνε-

961 1769 1016 1792 ται,
1033 1760 1135 1796 αλλ’[ἢ]
1151 1761 1215 1787 ὅταν
1227 1761 1307 1795 ἡμεῖς
1318 1761 1366 1794 τῆς
1378 1759 1460 1785 αὐτοῦ
1478 1759 1631 1793 παρουσίας
1647 1759 1744 1790 ἀνάξια

962 1805 1126 1841 πράξωμενς
1137 1806 1231 1840 ὥσπερ
1242 1806 1284 1832 διὰ
1301 1806 1350 1840 τῆς
1359 1805 1531 1840 προφητικῆς
1541 1804 1663 1839 γλώττης
1679 1804 1746 1838 πρὸς

968 1852 1111 1884 Ἰουδαίους
1131 1853 1232 1885 ἔλεγεν·
1246 1852 1278 1878 Αἱ
1290 1851 1422 1886 ἁμαρτίαι
1443 1850 1518 1885 ὑμῶν
1534 1850 1670 1875 διιστῶσιν
1681 1850 1746 1876 ἀνα-

964 1899 1045 1933 μέσον
1061 1898 1137 1932 ὑμῶν
1156 1898 1202 1924 καὶ
1214 1897 1260 1923 τοῦ
1281 1897 1359 1924 Θεοῦ.

999 1952 1008 1968 ‹
1032 1942 1211 1972 Ἐπλεόνασας
1234 1942 1276 1966 ἐπ’
1292 1941 1341 1975 ἐμὲ
1357 1941 1406 1976 τὴν
1424 1941 1629 1975 μεγαλωσύνην.
1647 1950 1656 1966 ι

996 2029 1183 2064 Μεγαλωσύνη
1199 2028 1265 2054 Θεοῦ
1282 2028 1376 2063 ἡπρδς
1391 2028 1465 2062 ἡμᾶς
1484 2028 1697 2061 συγκατάὸασις·
1709 2028 1747 2059 ὡς

961 2076 1013 2110 γὰρ
1028 2075 1155 2109 μέγιστος
1169 2075 1243 2109 μένει
1257 2075 1354 2109 μέγας,
1365 2075 1479 2105 καὶτοῖς
1502 2075 1610 2109 μικροῖς
1626 2082 1745 2106 συγκατ-

961 2123 1082 2156 ἑρχεται.
1113 2121 1174 2151 Πῶς
1201 2121 1229 2146 δὲ
1268 2121 1315 2155 τὴν
1343 2121 1411 2155 πρὸς
1440 2121 1513 2155 ἡμᾶς
1543 2120 1745 2153 συγκατάὃασιν

120 2171 290 2198 scensioncm
301 2171 506 2206 multiplicavit?
532 2171 646 2203 Quando
666 2172 793 2199 niiuirum
818 2171 898 2198 homo
916 2171 936 2197 l)
952 2168 1132 2198 ὲπλεόνασενζ
1155 2168 1239 2193 Ὅταν
1271 2167 1391 2202 δηλονότι
1417 2167 1563 2200 γενόμενος
1590 2165 1744 2199 ἅνθρωπος,

120 2217 216 2249 sactus,
233 2217 269 2243 ita
287 2225 336 2243 uos
350 2225 381 2243 ex
394 2225 488 2244 cri-ore
512 2218 644 2244 reducens
676 2226 729 2244 nun
756 2219 852 2246 terruit
877 2224 904 2246 ut

118 2271 221 2294 servos,
239 2263 284 2289 sed
297 2264 452 2290 consolatus
465 2268 505 2290 est
520 2268 546 2290 ul
561 2264 640 2290 filios.

157 2308 235 2335 Vens.
250 2309 294 2335 ⁶22.
315 2319 324 2335 r
337 2309 402 2336 Nam
415 2314 440 2336 ct
454 2317 503 2344 ego
522 2310 682 2337 confitebor.
708 2320 716 2337 ι

152 2353 209 2379 Non
227 2360 280 2381 tam
295 2356 319 2382 in
338 2356 482 2382 sensilibus
493 2357 679 2384 instrumentis
692 2365 771 2391 quarn
787 2357 813 2384 in
825 2358 905 2384 corde

117 2407 185 2432 puro
199 2404 226 2425 et
239 2400 328 2435 lingua
346 2406 504 2435 temperata,
515 2407 540 2428 et
553 2402 588 2427 nil
602 2409 616 2428 a
628 2404 771 2429 sanctitate
785 2404 902 2430 alienum

118 2446 281 2477 proferente.
314 2446 374 2474 ll.ec
401 2448 472 2474 enim
492 2455 585 2475 revera
610 2456 673 2475 vasa
691 2450 784 2483 psalmi
808 2452 904 2478 merito

117 2491 295 2525 appellantur.

383 2539 541 2569 PSAtAttsss
566 2543 656 2570 LxXt.

150 2583 229 2610 Vens.
246 2584 271 2610 (3.
291 2595 299 2610 ι
314 2585 463 2613 Dcsccndct
478 2588 548 2614 sicut
560 2589 647 2621 pluvia
667 2590 692 2615 in
706 2591 800 2616 vellus.
821 2600 829 2615 ι

151 2629 220 2657 Dicit
233 2630 367 2665 Unigeniti
385 2632 411 2658 in
427 2632 540 2666 Deipara
551 2633 659 2669 Virgine
671 2636 899 2662 exinanitionem:

118 2675 202 2701 vellus
215 2680 305 2702 autem
320 2682 428 2704 uterum
443 2679 503 2712 ejus
515 2680 611 2707 merito
639 2682 822 2715 inincupavit3
837 2683 899 2716 quia

118 2720 163 2746 Dei
178 2720 256 2748 Verbi
280 2723 425 2750 adventum
448 2725 539 2758 quiete
564 2733 594 2752 ac
618 2726 674 2752 sinc
689 2727 815 2760 strepitu,
846 2736 899 2753 non

156 2808 175 2820 ‘²
188 2811 257 2838 Fsal-
272 2819 326 2843 cui,
348 2814 392 2839 ab.
431 2815 452 2828 Μ’
465 2813 514 2840 lsa.
532 2822 585 2846 rix,
601 2815 617 2839 2

959 2214 1028 2240 οὕτω
1039 2223 1067 2241 τε
1077 2215 1150 2248 ἡμᾶς
1164 2215 1195 2239 ἐκ
1210 2215 1258 2248 τῆς
1272 2214 1376 2248 πλάνης
1393 2213 1562 2247 ἐπιστρέψας
1583 2212 1632 2238 ούκ
1647 2211 1746 2246 ὲφόὸη-

959 2268 1003 2287 σεν
1017 2260 1053 2290 ὡς
1066 2260 1185 2291 δούλους,
1202 2260 1258 2286 ἀλλ’
1271 2260 1307 2290 ὡς
1319 2260 1391 2289 υἱοὺς
1405 2259 1600 2293 παρεκάλεσεν.

997 2315 1005 2331 ‹
1023 2307 1076 2331 Καὶ
1088 2306 1142 2340 γὰρ
1153 2305 1207 2339 ἐγὼ
1219 2305 1451 2339 ἐξομολογησομαί
1464 2313 1514 2331 σοι.
1537 2314 1546 2330 ι

997 2351 1033 2377 Οὐ
1047 2351 1174 2377 τοσοῦτον
1186 2353 1241 2382 τοῖς
1256 2351 1394 2386 αἰσθητοῖς
1406 2351 1466 2377 ὅσον
1475 2351 1502 2376 ἐν
1512 2350 1610 2385 καρδία
1623 2349 1742 2383 καθαρᾷ,

959 2398 987 2422 ἐν
1021 2397 1127 2432 γλώττῃ
1158 2396 1345 2432 σωφρονούσῃ,
1374 2397 1420 2422 καὶ
1452 2396 1534 2430 μηδὲν
1565 2395 1741 2430 φθεγγομένη

957 2443 1111 2477 ἁγιωσύνης
1136 2442 1286 2478 ἀλλότριον.
1318 2442 1411 2468 Ταῦτα
1435 2441 1488 2476 γὰρ
1518 2441 1624 2476 ἀληθῶς
1657 2441 1740 2475 σκεύη

956 2489 1063 2524 ψαλμοῦ
1084 2489 1194 2520 δικαίως
1210 2489 1382 2523 ὀνομάζεται,

1238 2536 1383 2563 ΨΑΛΜΟΣ
1398 2538 1458 2564 OA'.

996 2595 1004 2610 ‹
1025 2584 1266 2619 Καταῧήσεταιὼς
1278 2585 1353 2615 ὑετὸς
1369 2584 1415 2610 ἐπὶ
1437 2584 1530 2610 πόκον.
1553 2593 1561 2609 ι

993 2631 1047 2666 Τὴν
1060 2632 1173 2657 κένωσιν
1188 2631 1234 2657 τοῦ
1249 2630 1416 2663 Μονογενοῦς
1432 2630 1482 2664 τὴν
1496 2631 1535 2661 εἰς
1549 2629 1597 2663 τὴν
1610 2628 1740 2655 Θεοτόκον

956 2679 1093 2713 Παρθένον
1108 2679 1192 2712 λέγει·
1208 2678 1291 2704 πόκον
1306 2677 1333 2703 δὲ
1345 2677 1427 2712 αὐτῆς
1440 2677 1489 2711 τὴν
1498 2676 1618 2710 γαστέρα
1628 2674 1739 2704 δικαίως

955 2726 1092 2751 ἐκάλεσεψ
1117 2725 1210 2758 ἐπειδὴ
1238 2724 1283 2749 τοῦ
1309 2723 1375 2749 Θεοῦ
1402 2723 1487 2756 Λόγου
1514 2722 1564 2756 τὴν
1588 2720 1738 2755 ἐπιδημίαν
